% This file was created with JabRef 2.10.
% Encoding: UTF-8


@Unpublished{HCO-Budapest,
  Title                    = {GENERIC: Review of successful applications and a challenge for the future},
  Author                   = {H.C. \"{O}ttinger},
  Note                     = {14th Joint European Thermodynamics Conference - May 21-25 Budapest},
  Year                     = {2017}
}

@Article{Ottinger-multicomponent,
  Title                    = {Constraints in nonequilibrium thermodynamics: General
 framework and application to multicomponent diffusion},
  Author                   = {\"{O}ttinger, Hans Christian},
  Journal                  = {JOURNAL OF CHEMICAL PHYSICS},
  Year                     = {2009},

  Month                    = {MAR 21},
  Number                   = {11},
  Volume                   = {130},

  Article-number           = {114904},
  Doc-delivery-number      = {421TE},
  Doi                      = {10.1063/1.3088847},
  ISSN                     = {0021-9606},
  Journal-iso              = {J. Chem. Phys.},
  Language                 = {English},
  Publisher                = {AMER INST PHYSICS},
  Type                     = {Article},
  Unique-id                = {ISI:000264380400041}
}

@Book{HCO,
  Title                    = {Beyond Equilibrium Thermodynamics},
  Author                   = {{\"O}ttinger, H.C.},
  Publisher                = {Wiley},
  Year                     = {2005},

  ISBN                     = {9780471727910}
}

@Article{Ottinger2009,
  Title                    = {{Constraints in nonequilibrium thermodynamics: General
 framework and application to multicomponent diffusion}},
  Author                   = {{\"O}ttinger, Hans Christian},
  Journal                  = {{Journal of chemical physics}},
  Year                     = {{2009}},

  Month                    = {{MAR 21}},
  Number                   = {{11}},
  Volume                   = {{130}},

  Article-number           = {{114904}},
  Doi                      = {{10.1063/1.3088847}},
  ISSN                     = {{0021-9606}},
  Researcherid-numbers     = {{Ottinger, Hans Christian/E-6896-2011 hco,
 Group/A-5142-2012}},
  Unique-id                = {{ISI:000264380400041}}
}

@Article{Ottinger2014-turbulence,
  Title                    = {Irreversible dynamics, Onsager-Casimir symmetry, and an
 application to turbulence},
  Author                   = {\"Ottinger, Hans Christian},
  Journal                  = {Phys. Rev. E},
  Year                     = {2014},

  Month                    = {Oct},
  Pages                    = {042121},
  Volume                   = {90},

  Doi                      = {10.1103/PhysRevE.90.042121},
  Issue                    = {4},
  Numpages                 = {9},
  Publisher                = {American Physical Society},
  Url                      = {http://link.aps.org/doi/10.1103/PhysRevE.90.042121}
}

@Article{Ottinger1997,
  Title                    = {Dynamics and thermodynamics of complex fluids. II.
 Illustrations of a general formalism},
  Author                   = {\"Ottinger, Hans Christian and Grmela, Miroslav},
  Journal                  = {Phys. Rev. E},
  Year                     = {1997},

  Month                    = {Dec},
  Pages                    = {6633--6655},
  Volume                   = {56},

  Doi                      = {10.1103/PhysRevE.56.6633},
  Issue                    = {6},
  Publisher                = {American Physical Society}
}

@Article{Ahlgren1994,
  Title                    = {Thermoelectric power of YSZ},
  Author                   = {Erik Ahlgren and Finn Willy Poulsen},
  Journal                  = {Solid State Ionics},
  Year                     = {1994},
  Number                   = {0},
  Pages                    = {528 - 532},
  Volume                   = {70-71, Part 1},

  Doi                      = {10.1016/0167-2738(94)90366-2},
  ISSN                     = {0167-2738}
}

@Article{AlSulaiman2010,
  Title                    = {Exergy analysis of an integrated solid oxide fuel cell and
 organic Rankine cycle for cooling, heating and power
 production },
  Author                   = {Fahad A. Al-Sulaiman and Ibrahim Dincer and Feridun
 Hamdullahpur},
  Journal                  = {Journal of Power Sources },
  Year                     = {2010},
  Number                   = {8},
  Pages                    = {2346 - 2354},
  Volume                   = {195},

  Doi                      = {http://dx.doi.org/10.1016/j.jpowsour.2009.10.075},
  ISSN                     = {0378-7753},
  Keywords                 = {Exergy destruction rate },
  Url                      = {http://www.sciencedirect.com/science/article/pii/S0378775309019260}
}

@Article{AlSulaiman13,
  Title                    = {Exergy analysis of a high-temperature-steam-driven,
 varied-pressure, humidification–dehumidification system
 coupled with reverse osmosis },
  Author                   = {Fahad A. Al-Sulaiman and G. Prakash Narayan and John H.
 Lienhard V},
  Journal                  = {Applied Energy },
  Year                     = {2013},
  Number                   = {0},
  Pages                    = {552 - 561},
  Volume                   = {103},

  Doi                      = {http://dx.doi.org/10.1016/j.apenergy.2012.10.020},
  ISSN                     = {0306-2619},
  Keywords                 = {Exergy destruction },
  Url                      = {http://www.sciencedirect.com/science/article/pii/S030626191200726X}
}

@Article{anand.m.rajagopal.kr:shear-thinning,
  Title                    = {A shear-thinning viscoelastic fluid model for describing
 the flow of blood},
  Author                   = {Anand, M. and Rajagopal, K. R.},
  Journal                  = {Int. J. Cardiovasc. Med. Sci},
  Year                     = {2004},
  Number                   = {2},
  Pages                    = {59--68},
  Volume                   = {4}
}

@Article{Andersson2010,
  Title                    = {{Review on modeling development for multiscale chemical
 reactions coupled transport phenomena in solid oxide fuel
 cells}},
  Author                   = {Andersson, Martin and Yuan, Jinliang and Sunden, Bengt},
  Journal                  = {{APPLIED ENERGY}},
  Year                     = {{2010}},

  Month                    = {{MAY}},
  Number                   = {{5}},
  Pages                    = {{1461-1476}},
  Volume                   = {{87}},

  Doi                      = {{10.1016/j.apenergy.2009.11.013}}
}

@Article{Andrews1967,
  Title                    = {Macroscopic approach to reciprocal relations in
 irreversible thermodynamics},
  Author                   = {Andrews, FC},
  Journal                  = {Industrial \& Engineering Chemistry Fundamentals},
  Year                     = {1967},
  Number                   = {1},
  Pages                    = {48--51},
  Volume                   = {6},

  Publisher                = {ACS Publications}
}

@Article{Anile-Pennisi,
  Title                    = {A thermodynamic approach to Eddington factors},
  Author                   = {A. M. Anile and S. Pennisi and M. Sanmartino},
  Journal                  = {J. Mat. Phys.},
  Year                     = {1991},
  Pages                    = {544},
  Volume                   = {32}
}

@Article{Arnold,
  Title                    = {Sur la g\'{e}ometrie diff\'{e}rentielle des groupes de {L}ie de dimension infini et ses applications dans l'hydrodynamique des fluides parfaits},
  Author                   = {V.I. Arnold},
  Journal                  = {Annales de l'institut Fourier},
  Year                     = {1966},
  Number                   = {1},
  Pages                    = {319-361},
  Volume                   = {16}
}

@Book{Arnold-book,
  Title                    = {Mathematical Methods of Classical Mechanics},
  Author                   = {Arnold, V.I. and Vogtmann, K. and Weinstein, A.},
  Publisher                = {Springer New York},
  Year                     = {2013},
  Series                   = {Graduate Texts in Mathematics},

  Url                      = {https://books.google.cz/books?id=UOQlBQAAQBAJ}
}

@Book{arnold1999topological,
  Title                    = {Topological methods in hydrodynamics},
  Author                   = {Arnold, Vladimir I and Khesin, Boris A},
  Publisher                = {Springer Science \& Business Media},
  Year                     = {1999},
  Volume                   = {125}
}

@Article{Astumian08PRL,
  Title                    = {Reciprocal relations for nonlinear coupled transport},
  Author                   = {Astumian, R Dean},
  Journal                  = {Physical review letters},
  Year                     = {2008},
  Number                   = {4},
  Pages                    = {046802},
  Volume                   = {101},

  Publisher                = {APS}
}

@Article{Atkin1976,
  Title                    = {CONTINUUM THEORIES OF MIXTURES: BASIC THEORY AND
 HISTORICAL DEVELOPMENT},
  Author                   = {Atkin, R. J. and Craine, R. E.},
  Journal                  = {The Quarterly Journal of Mechanics and Applied
 Mathematics},
  Year                     = {1976},
  Number                   = {2},
  Pages                    = {209-244},
  Volume                   = {29},

  Doi                      = {10.1093/qjmam/29.2.209},
  Eprint                   = {http://qjmam.oxfordjournals.org/content/29/2/209.full.pdf+html},
  Url                      = {http://qjmam.oxfordjournals.org/content/29/2/209.abstract}
}

@Book{Atkins,
  Title                    = {Atkins' Physical Chemistry},
  Author                   = {Atkins, P.W. and De Paula, J.},
  Publisher                = {Oxford University Press},
  Year                     = {2002},

  ISBN                     = {9780198792857},
  Lccn                     = {2002283656}
}

@Article{Biyikoglu2005,
  Title                    = {Review of proton exchange membrane fuel cell models},
  Author                   = {Atilla B{\i}y{\i}ko\u{g}lu},
  Journal                  = {International Journal of Hydrogen Energy},
  Year                     = {2005},
  Number                   = {11},
  Pages                    = {1181 - 1212},
  Volume                   = {30},

  Doi                      = {10.1016/j.ijhydene.2005.05.010},
  ISSN                     = {0360-3199},
  Keywords                 = {Computational modeling}
}

@Book{Balmer,
  Title                    = {Modern Engineering Thermodynamics},
  Author                   = {Balmer, R.T.},
  Publisher                = {Elsevier Science},
  Year                     = {2011},

  ISBN                     = {9780080961736}
}

@Book{Barbir,
  Title                    = {Pem Fuel Cells: Theory And Practice},
  Author                   = {Barbir, F.},
  Publisher                = {Elsevier Acad. Press},
  Year                     = {2005},
  Series                   = {Academic Press Sustainable World Series},

  ISBN                     = {9780120781423},
  Lccn                     = {2005298938}
}

@Book{BardFaulkner,
  Title                    = {Electrochemical Methods: Fundamentals and Applications},
  Author                   = {Bard, A.J. and Faulkner, L.R.},
  Publisher                = {Wiley},
  Year                     = {2000},

  ISBN                     = {9780471043720},
  Lccn                     = {00038210}
}

@Article{Barelli2011,
  Title                    = {{An energetic-exergetic analysis of a residential CHP
 system based on PEM fuel cell}},
  Author                   = {Barelli, L. and Bidini, G. and Gallorini, F. and
 Ottaviano, A.},
  Journal                  = {{APPLIED ENERGY}},
  Year                     = {{2011}},

  Month                    = {{DEC}},
  Number                   = {{12}},
  Pages                    = {{4334-4342}},
  Volume                   = {{88}},

  Doi                      = {{10.1016/j.apenergy.2011.04.059}}
}

@Article{Bargmann2011,
  Title                    = {Models of Solvent Penetration in Glassy Polymers With an
 Emphasis on Case II Diffusion. A Comparative Review},
  Author                   = {S. Bargmann and A. T. McBride and P. Steinmann},
  Journal                  = {Applied Mechanics Reviews},
  Year                     = {2011},
  Number                   = {1},
  Pages                    = {010803},
  Volume                   = {64},

  Doi                      = {10.1115/1.4003955},
  Numpages                 = {13},
  Publisher                = {ASME}
}

@Article{Bazant2013,
  Title                    = {Theory of Chemical Kinetics and Charge Transfer based on
 Nonequilibrium Thermodynamics},
  Author                   = {Bazant, Martin Z.},
  Journal                  = {Accounts of Chemical Research},
  Year                     = {2013},
  Number                   = {5},
  Pages                    = {1144-1160},
  Volume                   = {46},

  Doi                      = {10.1021/ar300145c},
  Url                      = {http://pubs.acs.org/doi/abs/10.1021/ar300145c}
}

@Article{Bearman1961,
  Title                    = {{On Molecular Basis of Some Current Theories of Diffusion}},
  Author                   = {Bearman, RJ},
  Journal                  = {{Journal of Physical Chemistry}},
  Year                     = {{1961}},
  Number                   = {{11}},
  Pages                    = {{1961-1968}},
  Volume                   = {{65}},

  Doi                      = {{10.1021/j100828a012}},
  ISSN                     = {{0022-3654}},
  Unique-id                = {{ISI:A19616611B00008}}
}

@Article{Bejan2002,
  Title                    = {{Fundamentals of exergy analysis, entropy generation
 minimization, and the generation of flow architecture}},
  Author                   = {Bejan, A},
  Journal                  = {{INTERNATIONAL JOURNAL OF ENERGY RESEARCH}},
  Year                     = {{2002}},

  Month                    = {{JUN 10}},
  Number                   = {{7, SI}},
  Pages                    = {{545-565}},
  Volume                   = {{26}},

  Doi                      = {{10.1002/er.804}},
  ISSN                     = {{0363-907X}},
  Researcherid-numbers     = {{Bejan, Adrian/D-3909-2012}},
  Unique-id                = {{ISI:000176536800002}}
}

@Book{Bejan-advanced,
  Title                    = {Advanced engineering thermodynamics},
  Author                   = {Bejan, A.},
  Publisher                = {J. Wiley \& Sons},
  Year                     = {1997},
  Series                   = {Wiley-Interscience publication},

  ISBN                     = {9780471148807},
  Lccn                     = {97005543}
}

@Article{Bejan1996,
  Title                    = {Entropy generation minimization: The new thermodynamics of
 finite size devices and finite time processes},
  Author                   = {Bejan, Adrian},
  Journal                  = {Journal of Applied Physics},
  Year                     = {1996},
  Number                   = {3},
  Pages                    = {1191-1218},
  Volume                   = {79},

  Doi                      = {http://dx.doi.org/10.1063/1.362674},
  Url                      = {http://scitation.aip.org/content/aip/journal/jap/79/3/10.1063/1.362674}
}

@Book{Tsatsaronis,
  Title                    = {Thermal Design and Optimization},
  Author                   = {Bejan, A. and Tsatsaronis, G. and Moran, M.J.},
  Publisher                = {Wiley},
  Year                     = {1996},
  Series                   = {Wiley-Interscience publication},

  ISBN                     = {9780471584674},
  Lccn                     = {lc95012071}
}

@Book{Belousov1959,
  Title                    = {A periodic reaction and its mechanism, Collection of short
 papers on radiation medicine for 1958},
  Author                   = {Belousov, B. P.},
  Publisher                = {Med. Publ., Moscow},
  Year                     = {1959}
}

@Article{Benziger2011,
  Title                    = {Mechanical and Transport Properties of nafion: Effects of
 Temperature and Water Activity},
  Author                   = {Jay Benziger and Andrew Bocarsly and May Jean Cheah and Paul
 Majsztrik and Barcley Satterfield and Qiao Zhao},
  Journal                  = {Struct Bond},
  Year                     = {2011},
  Pages                    = {85-113},
  Volume                   = {141}
}

@Article{Benziger-AIChE,
  Title                    = {{Oxygen Mass Transport Limitations at the Cathode of Polymer Electrolyte
 Membrane Fuel Cells}},
  Author                   = {Benziger, Jay and Kimball, Erin and Mejia-Ariza, Raquel and Kevrekidis,
 Ioannis},
  Journal                  = {{AIChE Journal}},
  Year                     = {{2011}},

  Month                    = {{SEP}},
  Number                   = {{9}},
  Pages                    = {{2505-2517}},
  Volume                   = {{57}},

  Doi                      = {{10.1002/aic.12455}},
  ISSN                     = {{0001-1541}},
  Unique-id                = {{ISI:000294094800019}}
}

@Article{SEA,
  Title                    = {Steepest entropy ascent model for far-nonequilibrium thermodynamics: Unified implementation of the maximum entropy production principle},
  Author                   = {Beretta, Gian Paolo},
  Journal                  = {Phys. Rev. E},
  Year                     = {2014},

  Month                    = {Oct},
  Pages                    = {042113},
  Volume                   = {90},

  Doi                      = {10.1103/PhysRevE.90.042113},
  Issue                    = {4},
  Numpages                 = {14},
  Publisher                = {American Physical Society},
  Url                      = {http://link.aps.org/doi/10.1103/PhysRevE.90.042113}
}

@Book{BE,
  Title                    = {Thermodynamics of Flowing Systems},
  Author                   = {Beris, A.N. and Edwards, B.J.},
  Publisher                = {Oxford Univ. Press, Oxford, UK},
  Year                     = {1994}
}

@Article{Biesheuvel2009,
  Title                    = {{Imposed currents in galvanic cells}},
  Author                   = {Biesheuvel, P. M. and van Soestbergen, M. and Bazant, M.
 Z.},
  Journal                  = {{ELECTROCHIMICA ACTA}},
  Year                     = {{2009}},

  Month                    = {{AUG 30}},
  Number                   = {{21}},
  Pages                    = {{4857-4871}},
  Volume                   = {{54}},

  Doi                      = {{10.1016/j.electacta.2009.03.073}},
  ISSN                     = {{0013-4686}}
}

@Book{Bird2,
  Title                    = {Dynamics of Polymeric Liquids, Volume 2: Kinetic Theory},
  Author                   = {Bird, R.B. and Curtiss, C.F. and Armstrong, R.C. and Hassager, O.},
  Publisher                = {Wiley},
  Year                     = {1987},

  ISBN                     = {9780471802440}
}

@Book{Bockris2A,
  Title                    = {Modern Electrochemistry},
  Author                   = {Bockris, J.O.M. and Reddy, A.K.N. and Gamboa-Aldeco, M.},
  Publisher                = {Kluwer Academic/Plenum Publishers},
  Year                     = {2000},
  Number                   = {v. 2},
  Series                   = {Modern Electrochemistry},

  ISBN                     = {9780306461675},
  Lccn                     = {97024151},
  Url                      = {http://books.google.cz/books?id=utDyTYpimkUC}
}

@Book{deBoer-Trends,
  Title                    = {Trends in Continuum Mechanics of Porous Media},
  Author                   = {de Boer, R.},
  Publisher                = {Springer},
  Year                     = {2005},
  Series                   = {Theory and Applications of Transport in Porous Media},

  ISBN                     = {9781402031434},
  Lccn                     = {2005277866}
}

@Book{Bognar,
  Title                    = {Indefinite inner product spaces},
  Author                   = {Bogn{\'a}r, J.},
  Publisher                = {Springer},
  Year                     = {1974},
  Series                   = {Ergebnisse der Mathematik und ihrer Grenzgebiete},

  ISBN                     = {9780387062020},
  ISSN                     = {0071-1136},
  Lccn                     = {lc73010669}
}

@Article{Boillat1974,
  Title                    = {{Sur l'existence et la recherche d'{\'{e}}quations de conservation suppl{\'{e}}ment aires pour les syst{\'{e}}mes hyperboliques}},
  Author                   = {Boillat, Guy},
  Journal                  = {C. R. Acad. Sc. Paris, S{\'{e}}r A},
  Year                     = {1974},
  Volume                   = {278}
}

@Book{tteng,
  Title                    = {Fundamentals of thermodynamics},
  Author                   = {Borgnakke, C. and Sonntag, R. E.},
  Publisher                = {Willey},
  Year                     = {2009},
  Edition                  = {7th}
}

@Article{Boukary1987,
  Title                    = {An Extended Thermodynamic Theory of Fluid Mixtures},
  Author                   = {Boukary, M. S. and Lebon, G.},
  Journal                  = {Journal of Non-Equilibrium Thermodynamics},
  Year                     = {2009},
  Pages                    = {95-122},
  Volume                   = {12},

  Doi                      = {10.1515/jnet.1987.12.2.95}
}

@Book{Bove,
  Title                    = {Modeling Solid Oxide Fuel Cells: Methods, Procedures and
 Techniques},
  Author                   = {Bove, R. and Ubertini, S.},
  Publisher                = {Springer Science+Business Media B.V.},
  Year                     = {2008},
  Series                   = {Fuel Cells and Hydrogen Energy Series},

  ISBN                     = {9781402069956},
  Lccn                     = {2008926212}
}

@Article{Bowen-Wiese-1969,
  Title                    = {Diffusion in mixtures of elastic materials},
  Author                   = {R.M. Bowen and J.C. Wiese},
  Journal                  = {International Journal of Engineering Science},
  Year                     = {1969},
  Number                   = {7},
  Pages                    = {689 - 722},
  Volume                   = {7},

  Doi                      = {10.1016/0020-7225(69)90048-2},
  ISSN                     = {0020-7225}
}

@Book{Bowen-Mixtures,
  Title                    = {Continuum Physics},
  Author                   = {R. M. Bowen},
  Publisher                = {Academic Press, New York},
  Year                     = {1976},
  Volume                   = {3},

  Chapter                  = {Theory of mixtures},
  Pages                    = {1--127}
}

@Article{Bowen-1969,
  Title                    = {The thermochemistry of a reacting mixture of elastic
 materials with diffusion},
  Author                   = {Bowen, Ray M.},
  Journal                  = {Archive for Rational Mechanics and Analysis},
  Year                     = {1969},
  Pages                    = {97-127},
  Volume                   = {34},

  Doi                      = {10.1007/BF00247461},
  ISSN                     = {0003-9527},
  Issue                    = {2},
  Language                 = {English},
  Publisher                = {Springer-Verlag}
}

@Article{Bratsch1989,
  Title                    = {{Standard electrode-potentials and temperature coefficients in water at
 298.15-K}},
  Author                   = {Bratsch, SG},
  Journal                  = {{Journal of Physical and Chemical Reference Data}},
  Year                     = {{1989}},
  Number                   = {{1}},
  Pages                    = {{1-21}},
  Volume                   = {{18}},

  ISSN                     = {{0047-2689}},
  Unique-id                = {{ISI:A1989T875900001}}
}

@Article{Bravetti,
  Title                    = {Contact {H}amiltonian Mechanics},
  Author                   = { A. Bravetti and H. Cruz and D. Tapias},
  Journal                  = {Annals of Physics},
  Year                     = {2017},
  Pages                    = {17-39},
  Volume                   = {376}
}

@article{Bravetti-conformal,
author = {A. Bravetti and C.S. Lopez-Monsalvo and F. Nettel}, 
title = {Conformal Gauge Transformations in Thermodynamics}, 
journal = {Entropy}, 
volume = {17}, 
pages = {6150-6168},
year = {2015}
}

@Article{Butler,
  Title                    = {Studies in heterogeneous equilibria. Part II. The kinetic
 interpretation of the Nernst theory of electromotive
 force},
  Author                   = {Butler, J. A. V.},
  Journal                  = {Trans. Faraday Society},
  Year                     = {1924},
  Pages                    = {729-733},
  Volume                   = {19}
}

@Article{Cahn-Hilliard,
  Title                    = {Free energy of a nonuniform system. Interfacial free energy.},
  Author                   = {J.W. Cahn and J.E. Hilliard},
  Journal                  = {J. Chem. Phys. 1958},
  Year                     = {1958},
  Pages                    = {258}
}

@Article{Calise2009,
  Title                    = {Parametric exergy analysis of a tubular Solid Oxide Fuel
 Cell (SOFC) stack through finite-volume model },
  Author                   = {F. Calise and G. Ferruzzi and L. Vanoli},
  Journal                  = {Applied Energy },
  Year                     = {2009},
  Number                   = {11},
  Pages                    = {2401 - 2410},
  Volume                   = {86},

  Doi                      = {http://dx.doi.org/10.1016/j.apenergy.2009.03.024},
  ISSN                     = {0306-2619},
  Url                      = {http://www.sciencedirect.com/science/article/pii/S030626190900110X}
}

@Article{Calise2006,
  Title                    = {Design and partial load exergy analysis of hybrid
 SOFC–GT power plant },
  Author                   = {F. Calise and A. Palombo and L. Vanoli},
  Journal                  = {Journal of Power Sources },
  Year                     = {2006},
  Number                   = {1},
  Pages                    = {225 - 244},
  Volume                   = {158},

  Doi                      = {http://dx.doi.org/10.1016/j.jpowsour.2005.07.088},
  ISSN                     = {0378-7753},
  Keywords                 = {Modeling },
  Url                      = {http://www.sciencedirect.com/science/article/pii/S0378775305012991}
}

@Book{Callen,
  Title                    = {Thermodynamics: an introduction to the physical theories
 of equilibrium thermostatics and irreversible
 thermodynamics},
  Author                   = {Callen, H.B.},
  Publisher                = {Wiley},
  Year                     = {1960},

  Lccn                     = {60005597},
  Url                      = {http://books.google.cz/books?id=mf5QAAAAMAAJ}
}

@Article{carreau.pj:rheological,
  Title                    = {Rheological equations from molecular network theories},
  Author                   = {Carreau, Pierre J.},
  Journal                  = {J. Rheol.},
  Year                     = {1972},
  Number                   = {1},
  Pages                    = {99--127},
  Volume                   = {16},

  Doi                      = {10.1122/1.549276},
  Publisher                = {SOR}
}

@Article{Casimir1945,
  Title                    = {On Onsager's Principle of Microscopic Reversibility},
  Author                   = {Casimir, H. B. G.},
  Journal                  = {Rev. Mod. Phys.},
  Year                     = {1945},

  Month                    = {Apr},
  Pages                    = {343--350},
  Volume                   = {17},

  Doi                      = {10.1103/RevModPhys.17.343},
  Issue                    = {2-3},
  Publisher                = {American Physical Society}
}

@Article{cendra1998maxwell,
  Title                    = {The Maxwell--Vlasov equations in Euler--Poincar{\'e} form},
  Author                   = {Cendra, Hern{\'a}n and Holm, Darryl D and Hoyle, Mark JW and Marsden, Jerrold E},
  Journal                  = {Journal of Mathematical Physics},
  Year                     = {1998},
  Number                   = {6},
  Pages                    = {3138--3157},
  Volume                   = {39},

  Publisher                = {AIP Publishing}
}

@Article{Chan2001,
  Title                    = {A complete polarization model of a solid oxide fuel cell
 and its sensitivity to the change of cell component
 thickness },
  Author                   = {S.H Chan and K.A Khor and Z.T Xia},
  Journal                  = {Journal of Power Sources },
  Year                     = {2001},
  Number                   = {1-2},
  Pages                    = {130 - 140},
  Volume                   = {93},

  Doi                      = {http://dx.doi.org/10.1016/S0378-7753(00)00556-5},
  ISSN                     = {0378-7753},
  Keywords                 = {Sensitivity test },
  Url                      = {http://www.sciencedirect.com/science/article/pii/S0378775300005565}
}

@Article{Chan2002,
  Title                    = {Energy and exergy analysis of simple solid-oxide fuel-cell
 power systems },
  Author                   = {S.H Chan and C.F Low and O.L Ding},
  Journal                  = {Journal of Power Sources },
  Year                     = {2002},
  Number                   = {2},
  Pages                    = {188 - 200},
  Volume                   = {103},

  Doi                      = {http://dx.doi.org/10.1016/S0378-7753(01)00842-4},
  ISSN                     = {0378-7753},
  Url                      = {http://www.sciencedirect.com/science/article/pii/S0378775301008424}
}

@Book{janaf,
  Title                    = {NIST-JANAF Thermochemical Tables},
  Author                   = {Chase, W. and American Chemical Society and American
 Institute of Physics and National Institute of Standards
 and Technology},
  Publisher                = {American Chemical Society},
  Year                     = {1998},
  Series                   = {Journal of physical and chemical reference data:
 Monograph},

  ISBN                     = {9781563968310}
}

@Article{LeChatelier,
  Title                    = {Sur un \'{e}nonc\'{e} g\'{e}n\'{e}ral des lois des \'{e}quilibres chimiques},
  Author                   = {Henry Le Chatelier},
  Journal                  = {Comptes-rendus de l'Acad\'{e}mie des sciences},
  Year                     = {1884},
  Pages                    = {786-789},
  Volume                   = {99}
}

@Article{Cheah2011,
  Title                    = {{Effect of Interfacial Water Transport Resistance on Coupled Proton and
 Water Transport Across Nafion}},
  Author                   = {Cheah, May Jean and Kevrekidis, Ioannis G. and Benziger, Jay},
  Journal                  = {{JOURNAL OF PHYSICAL CHEMISTRY B}},
  Year                     = {{2011}},

  Month                    = {{SEP 1}},
  Number                   = {{34}},
  Pages                    = {{10239-10250}},
  Volume                   = {{115}},

  Doi                      = {{10.1021/jp204785t}},
  ISSN                     = {{1520-6106}},
  Unique-id                = {{ISI:000294146200006}}
}

@Article{Chebotin1970,
  Author                   = {V. N. Chebotin and S. L. Fridman and S. F. Pal'guev
 (translated from Russian)},
  Journal                  = {Elektrokhimiya},
  Year                     = {1970},
  Pages                    = {1300-1304},
  Volume                   = {6}
}

@Article{Chen2014,
  Title                    = {{An enhancement to Vynnycky's model for the all-vanadium redox flow
 battery}},
  Author                   = {Chen, Ching Liang and Yeoh, Hak Koon and Chakrabarti, Mohammed Harun},
  Journal                  = {{Electrochimica Acta}},
  Year                     = {{2014}},

  Month                    = {{FEB 20}},
  Pages                    = {{167-179}},
  Volume                   = {{120}},

  Doi                      = {{10.1016/j.electacta.2013.12.074}},
  Eissn                    = {{1873-3859}},
  ISSN                     = {{0013-4686}},
  Orcid-numbers            = {{YEOH, HAK KOON/0000-0002-5007-1603}},
  Researcherid-numbers     = {{YEOH, HAK KOON/B-5205-2010}},
  Unique-id                = {{ISI:000333778200023}}
}

@Book{Chen,
  Title                    = {Introduction to Plasma Physics},
  Author                   = {Chen, F.F.},
  Publisher                = {Springer US},
  Year                     = {2012},

  ISBN                     = {9781475704594}
}

@Article{ISI:000339601800064,
  Title                    = {{Absorption behavior of vanadium in Nafion (R)}},
  Author                   = {Cho, Hyun-Seok and Ohashi, Masato and Van Zee, J. W.},
  Journal                  = {{JOURNAL OF POWER SOURCES}},
  Year                     = {{2014}},

  Month                    = {{DEC 1}},
  Pages                    = {{547-552}},
  Volume                   = {{267}},

  Doi                      = {{10.1016/j.jpowsour.2014.05.128}},
  Eissn                    = {{1873-2755}},
  ISSN                     = {{0378-7753}},
  Unique-id                = {{ISI:000339601800064}}
}

@Article{ChoiII,
  Title                    = {Thermodynamics and Proton Transport in Nafion: II. Proton Diffusion Mechanisms and Conductivity},
  Author                   = {Choi, Pyoungho and Jalani, Nikhil H. and Datta, Ravindra},
  Journal                  = {Journal of The Electrochemical Society},
  Year                     = {2005},
  Number                   = {3},
  Pages                    = {E123-E130},
  Volume                   = {152},

  Doi                      = {10.1149/1.1859814},
  Eprint                   = {http://jes.ecsdl.org/content/152/3/E123.full.pdf+html},
  Url                      = {http://jes.ecsdl.org/content/152/3/E123.abstract}
}

@Article{Chow2008,
  Title                    = {Energy and exergy analysis of photovoltaic–thermal
 collector with and without glass cover },
  Author                   = {T.T. Chow and G. Pei and K.F. Fong and Z. Lin and A.L.S.
 Chan and J. Ji},
  Journal                  = {Applied Energy },
  Year                     = {2009},
  Number                   = {3},
  Pages                    = {310 - 316},
  Volume                   = {86},

  Doi                      = {http://dx.doi.org/10.1016/j.apenergy.2008.04.016},
  ISSN                     = {0306-2619},
  Url                      = {http://www.sciencedirect.com/science/article/pii/S0306261908001220}
}

@Article{CiancioVerhas1994JNET,
  Title                    = {{On the Nonlinear Generalizations of {O}nsager's
 Reciprocal Relations}},
  Author                   = {Ciancio, Vincenzo and Verh\'{a}s, J},
  Journal                  = {Journal of Non-Equilibrium Thermodynamics},
  Year                     = {1994},
  Number                   = {2},
  Pages                    = {184--194},
  Volume                   = {19},

  Url                      = {http://www.degruyter.com/view/j/jnet.1994.19.issue-2/jnet.1994.19.2.184/jnet.1994.19.2.184.xml}
}

@Article{Clebsch,
  Title                    = {\"{U}ber die {I}ntegration der {H}ydrodynamische {G}leichungen},
  Author                   = {Clebsch, A.},
  Journal                  = {Journal f\"{u}r die reine und angewandte Mathematik},
  Year                     = {1895},
  Pages                    = {1-10},
  Volume                   = {56}
}

@Article{ColemanTruesdell60,
  Title                    = {On the reciprocal relations of {O}nsager},
  Author                   = {Coleman, Bernard D and Truesdell, Clifford},
  Journal                  = {The Journal of Chemical Physics},
  Year                     = {1960},
  Number                   = {1},
  Pages                    = {28--31},
  Volume                   = {33},

  Publisher                = {AIP Publishing}
}

@Article{colombeau1990multiplication,
  Title                    = {Multiplication of distributions},
  Author                   = {Colombeau, Jean-Fran{\c{c}}ois},
  Journal                  = {Bulletin of the American Mathematical Society},
  Year                     = {1990},
  Number                   = {2},
  Pages                    = {251--268},
  Volume                   = {23}
}

@Article{Corcuera-SK2012,
  Title                    = {State-of-charge monitoring and electrolyte rebalancing methods for the vanadium redox flow battery},
  Author                   = {Corcuera, S. and Skyllas-Kazacos, M.},
  Journal                  = {European Chemical Bulletin},
  Year                     = {2012},
  Number                   = {12},
  Volume                   = {1}
}

@Book{Crank,
  Title                    = {The Mathematics of Diffusion},
  Author                   = {Crank, J.},
  Publisher                = {Clarendon Press},
  Year                     = {1979},
  Series                   = {Oxford science publications},

  ISBN                     = {9780198534112},
  Lccn                     = {75318921}
}

@Article{cross.mm:rheology,
  Title                    = {Rheology of non-Newtonian fluids: {A} new flow equation
 for pseudoplastic systems},
  Author                   = {Malcolm M. Cross},
  Journal                  = {J. Colloid Sci.},
  Year                     = {1965},
  Number                   = {5},
  Pages                    = {417--437},
  Volume                   = {20},

  Doi                      = {10.1016/0095-8522(65)90022-X},
  ISSN                     = {0095-8522}
}

@Book{Das,
  Title                    = {Lectures on Quantum Field Theory},
  Author                   = {Das, A.},
  Publisher                = {World Scientific},
  Year                     = {2008},

  ISBN                     = {9789812832856},
  Lccn                     = {2009275572}
}

@Book{Das-Upscaling,
  Title                    = {Upscaling Multiphase Flow in Porous Media: From Pore to
 Core and Beyond},
  Author                   = {Das, D.B. and Hassanizadeh, S.M.},
  Publisher                = {Springer},
  Year                     = {2005},
  Series                   = {NATO science series: Mathematics, physics, and chemistry},

  ISBN                     = {9781402035135},
  Lccn                     = {2006530987}
}

@Article{Datta2010,
  Title                    = {{The continuum mechanical theory of multicomponent
 diffusion in fluid mixtures}},
  Author                   = {Datta, Ravindra and Vilekar, Saurabh a.},
  Journal                  = {Chemical Engineering Science},
  Year                     = {2010},

  Month                    = nov,
  Number                   = {22},
  Pages                    = {5976--5989},
  Volume                   = {65},

  Doi                      = {10.1016/j.ces.2010.08.022},
  ISSN                     = {00092509},
  Keywords                 = {Maxwell–Stefan equation,Mixture theory,Pressure
 diffusion,Stress diffusion,Thermal
 diffusion,maxwell,multicomponent diffusion,stefan
 equation},
  Publisher                = {Elsevier},
  Url                      = {http://linkinghub.elsevier.com/retrieve/pii/S0009250910004896}
}

@Article{Desvilettes-Villani,
  Title                    = {On the trend to global equilibrium for spatially inhomogeneous kinetic systems: {T}he {B}oltzmann equation},
  Author                   = {Desvillettes, L. and Villani, C.},
  Journal                  = {Inventiones mathematicae},
  Year                     = {2005},
  Pages                    = {245-316},
  Volume                   = {159}
}

@Article{Djilali2007,
  Title                    = {Computational modelling of polymer electrolyte membrane
 (PEM) fuel cells: Challenges and opportunities},
  Author                   = {N. Djilali},
  Journal                  = {Energy},
  Year                     = {2007},
  Number                   = {4},
  Pages                    = {269 - 280},
  Volume                   = {32},

  Doi                      = {10.1016/j.energy.2006.08.007},
  ISSN                     = {0360-5442}
}

@InCollection{deDonder,
  Title                    = {Thermodynamic Theory of Affinity},
  Author                   = {T. de Donder and P. van Rysselberghe},
  Booktitle                = {A Book of Principles},
  Publisher                = {Stanford Univ. Press},
  Year                     = {1936}
}

@Article{Douvartzides2004,
  Title                    = {Exergy analysis of a solid oxide fuel cell power plant fed
 by either ethanol or methane },
  Author                   = {S. Douvartzides and F. Coutelieris and P. Tsiakaras},
  Journal                  = {Journal of Power Sources },
  Year                     = {2004},
  Note                     = {Selected papers presented at the Eighth Grove Fuel Cell
 Symposium },
  Number                   = {1-2},
  Pages                    = {224 - 230},
  Volume                   = {131},

  Doi                      = {http://dx.doi.org/10.1016/j.jpowsour.2003.10.015},
  ISSN                     = {0378-7753},
  Url                      = {http://www.sciencedirect.com/science/article/pii/S0378775304000461}
}

@Article{Douvartzides2003,
  Title                    = {On the systematic optimization of ethanol fed SOFC-based
 electricity generating systems in terms of energy and
 exergy },
  Author                   = {S.L. Douvartzides and F.A. Coutelieris and P.E. Tsiakaras},
  Journal                  = {Journal of Power Sources },
  Year                     = {2003},
  Number                   = {2},
  Pages                    = {203 - 212},
  Volume                   = {114},

  Doi                      = {http://dx.doi.org/10.1016/S0378-7753(02)00611-0},
  ISSN                     = {0378-7753},
  Keywords                 = {Exergy analysis },
  Url                      = {http://www.sciencedirect.com/science/article/pii/S0378775302006110}
}

@Article{Duan2012,
  Title                    = {Transport of liquid water through Nafion membranes},
  Author                   = {Qiongjuan Duan and Huaping Wang and Jay Benziger},
  Journal                  = {Journal of Membrane Science},
  Year                     = {2012},
  Number                   = {0},
  Pages                    = {88 - 94},
  Volume                   = {392-383},

  Doi                      = {10.1016/j.memsci.2011.12.004},
  ISSN                     = {0376-7388}
}

@Article{DV,
  Title                    = {Poisson brackets in condense matter physics},
  Author                   = {I.E. Dzyaloshinskii and G.E. Volovick},
  Year                     = {1980},
  Pages                    = {67-97},
  Volume                   = {125},
  Journal                   = {Ann. Phys.}
}

@InCollection{Edelen-AdvChemPhys,
  Title                    = {The Thermodynamics of Evolving Chemical Systema and The Approach to Equilibrium},
  Author                   = {D. G. B. Edelen},
  Booktitle                = {Advances in Chemical Physics},
  Publisher                = {Wiley},
  Year                     = {2009},
  Editor                   = {Prigogine, I. and Rice, S.A.},
  Number                   = {v. 33},
  Pages                    = {400-441},
  Series                   = {Advances in Chemical Physics},

  ISBN                     = {9780470142974},
  Url                      = {https://books.google.cz/books?id=qGX82evywggC}
}

@Article{EdwardsBeris91,
  Title                    = {Non-canonical Poisson bracket for nonlinear elasticity
 with extensions to viscoelasticity},
  Author                   = {Edwards, BJ and Beris, AN},
  Journal                  = {Journal of Physics A: Mathematical and General},
  Year                     = {1991},
  Number                   = {11},
  Pages                    = {2461},
  Volume                   = {24},

  Publisher                = {IOP Publishing}
}

@Article{Edwards-Miroslav,
  Title                    = {Rheological models with microstructural constraints},
  Author                   = {B.J. Edwards and M. Dressler and M. Grmela and A. Ait-kadi},
  Journal                  = {Rheol. Acta},
  Year                     = {2003},
  Pages                    = {64-75},
  Volume                   = {42}
}

@Article{ElAfif2002,
  Title                    = {Non-Fickian mass transport in polymers},
  Author                   = {El Afif, A. and Grmela, M.},
  Journal                  = {Journal of Rheology (1978-present)},
  Year                     = {2002},
  Number                   = {3},
  Pages                    = {591-628},
  Volume                   = {46},

  Doi                      = {http://dx.doi.org/10.1122/1.1470520},
  Url                      = {http://scitation.aip.org/content/sor/journal/jor2/46/3/10.1122/1.1470520}
}

@Article{Elafif1999,
  Title                    = {Rheology and diffusion in simple and complex fluids},
  Author                   = {Elafif, A and Grmela, M and Lebon, G},
  Journal                  = {J. Non-newtonian Fluid Mech.},
  Year                     = {1999},
  Pages                    = {253--275},
  Volume                   = {86}
}

@Article{Elfring2007,
  Title                    = {Thermodynamic considerations on the stability of water in Nafion },
  Author                   = {Gwynn J. Elfring and Henning Struchtrup},
  Journal                  = {Journal of Membrane Science },
  Year                     = {2007},
  Number                   = {1–2},
  Pages                    = {190 - 198},
  Volume                   = {297},

  Doi                      = {http://dx.doi.org/10.1016/j.memsci.2007.03.044},
  ISSN                     = {0376-7388},
  Keywords                 = {Nafion},
  Url                      = {http://www.sciencedirect.com/science/article/pii/S0376738807002104}
}

@Article{Erdos,
  Title                    = {On the distribution function of additive functions},
  Author                   = {P. Erd\"{o}s},
  Journal                  = {Annals of Mathematics},
  Year                     = {1946},
  Number                   = {1},
  Volume                   = {47}
}

@Article{Volmer,
  Title                    = {Zur theorie der wasserstoffüberspannung},
  Author                   = {Erdey-Gruz, T. and Volmer, M.},
  Journal                  = {Z. Phys. Chem.},
  Year                     = {1930},
  Pages                    = {203-213},
  Volume                   = {150 (A)}
}

@Book{Eringen-CP4,
  Title                    = {Continuum Physics: Polar and non-local field theories},
  Author                   = {Eringen, A.C.},
  Publisher                = {Academic Press},
  Year                     = {1971},
  Series                   = {Continuum Physics},

  ISBN                     = {9780122408045},
  Lccn                     = {lc71117094}
}

@Article{Ogul-TulczyjewII,
  Title                    = {Tulczyjew's Triplet for {L}ie Groups II: {D}ynamics},
  Author                   = {{Esen}, O. and {G{\"u}mral}, H.},
  Journal                  = {ArXiv e-prints},
  Year                     = {2015},

  Month                    = mar,

  Adsnote                  = {Provided by the SAO/NASA Astrophysics Data System},
  Adsurl                   = {http://adsabs.harvard.edu/abs/2015arXiv150306566E},
  Archiveprefix            = {arXiv},
  Eprint                   = {1503.06566},
  Keywords                 = {Mathematics - Differential Geometry, 70H03 (Primary), 70H05, 22E60, 22E70 (Secondary), 37K65},
  Primaryclass             = {math.DG}
}

@Misc{Ogul-Vlasov,
  Title                    = {Lie Algebra of {H}amiltonian Vector Fields and the {P}oisson-{V}lasov Equations},

  Author                   = {O\u{g}ul Esen and Hasan G{\"u}mral},
  Year                     = {2012},

  Eprint                   = {arXiv:1203.1437}
}

@Article{elmag,
  Title                    = {Hamiltonian coupling of electromagnetic field and matter},
  Author                   = {Esen, O. and Pavelka, M. and Grmela, M.},
  Journal                  = {Int J Adv Eng Sci Appl Math},
  Year                     = {2016}
}

@Article{esen2016hamiltonian,
  Title                    = {Hamiltonian dynamics on matched pairs},
  Author                   = {Esen, O. and S. S{\"u}tl{\"u}},
  Journal                  = {arXiv preprint arXiv:1604.05130},
  Year                     = {2016}
}

@Article{esen2016vlasov,
  Title                    = {Matched pairs decomposition of Vlasov Equation},
  Author                   = {Esen, O., and S. S{\"u}tl{\"u}},
  Journal                  = {In preperation},
  Year                     = {2016}
}

@Article{esen2015lagrangian,
  Title                    = {Lagrangian dynamics on matched pairs},
  Author                   = {Esen, O. and S. S{\"u}tl{\"u}},
  Journal                  = {arXiv preprint arXiv:1512.06770},
  Year                     = {2015}
}

@Article{Ogul-matched1,
  Title                    = {Lagrangian dynamics on matched pairs},
  Author                   = {O\u{g}ul Esen and Serkan S\"{u}tl\"{u}},
  Journal                  = {Journal of Geometry and Physics},
  Year                     = {2017},
  Pages                    = {142-157},
  Volume                   = {111}
}

@Article{ogul-matched2,
  Title                    = {Hamiltonian dynamics on matched pairs},
  Author                   = {O\u{g}ul Esen and Serkan S\"{u}tl\"{u}},
  Journal                  = {International Journal of Geometric Methods in Modern Physics},
  Year                     = {2016},
  Number                   = {10},
  Volume                   = {13}
}

@Article{Euler,
  Title                    = {Principes g\'{e}n\'{e}raux du mouvement des fluides},
  Author                   = {Leonhard Euler},
  Journal                  = {Acad\'{e}mie Royale des Sciences et des Belles-Lettres de {B}erlin},
  Year                     = {1755},
  Note                     = {English translation in Physica D 237, 1825 (2008)},
  Volume                   = {M\'{e}mories 11}
}

@Book{Evans,
  Title                    = {Partial Differential Equations},
  Author                   = {Evans, L.C.},
  Publisher                = {American Mathematical Society},
  Year                     = {1998},
  Series                   = {Graduate studies in mathematics},

  ISBN                     = {9780821807729},
  Lccn                     = {97041033},
  Url                      = {http://books.google.cz/books?id=5Pv4LVB\_m8AC}
}

@Article{Favache2010,
  Title                    = {An entropy-based formulation of irreversible processes based on contact structures},
  Author                   = {Favache, A. and Dochain, D. and Maschke, B.},
  Journal                  = {Chem. Eng. Sci.},
  Year                     = {2010},
  Pages                    = {5204-5216},
  Volume                   = {65}
}

@Book{Fecko,
  Title                    = {Differential Geometry and Lie Groups for Physicists},
  Author                   = {Fecko, M.},
  Publisher                = {Cambridge University Press},
  Year                     = {2006},

  ISBN                     = {9781139458030}
}

@Article{Feinberg,
  Title                    = {On chemical kinetics of certain class},
  Author                   = {M. Feinberg},
  Journal                  = {Arch. Ration. Mech. Anal.},
  Year                     = {1972},
  Pages                    = {1-41},
  Volume                   = {46}
}

@Article{Feinberg1972,
  Title                    = {On chemical kinetics of a certain class},
  Author                   = {Feinberg, Martin},
  Journal                  = {Archive for Rational Mechanics and Analysis},
  Year                     = {1972},
  Number                   = {1},
  Pages                    = {1-41},
  Volume                   = {46},

  Doi                      = {10.1007/BF00251866},
  ISSN                     = {0003-9527},
  Language                 = {English},
  Publisher                = {Springer-Verlag},
  Url                      = {http://dx.doi.org/10.1007/BF00251866}
}

@Book{Feynman-SM,
  Title                    = {Statistical Mechanics: A Set of Lectures},
  Author                   = {Feynman, R.P.},
  Publisher                = {Basic Books},
  Year                     = {1972},
  Series                   = {Advanced Book Classics},

  ISBN                     = {9780201360769},
  Lccn                     = {72001769}
}

@Book{Handbuch3,
  Title                    = {Handbuch der Physik},
  Author                   = {Fl{\"u}gge, S.},
  Publisher                = {Springer.},
  Year                     = {1959},
  Number                   = {v. 3, no. 2},
  Series                   = {Handbuch der Physik},

  ISSN                     = {0085-140X},
  Lccn                     = {a56002942}
}

@Article{Fletcher2009,
  Title                    = {{Tafel slopes from first principles}},
  Author                   = {Fletcher, Stephen},
  Journal                  = {{JOURNAL OF SOLID STATE ELECTROCHEMISTRY}},
  Year                     = {{2009}},

  Month                    = {{APR}},
  Number                   = {{4}},
  Pages                    = {{537-549}},
  Volume                   = {{13}},

  Doi                      = {{10.1007/s10008-008-0670-8}}
}

@Article{Freger2009,
  Title                    = {Hydration of Ionomers and Schroeder’s Paradox in
 Nafion},
  Author                   = {Freger, Viatcheslav},
  Journal                  = {The Journal of Physical Chemistry B},
  Year                     = {2009},
  Number                   = {1},
  Pages                    = {24-36},
  Volume                   = {113},

  Doi                      = {10.1021/jp806326a},
  Url                      = {http://pubs.acs.org/doi/abs/10.1021/jp806326a}
}

@Article{FriedLax,
  Title                    = {Systems of conservation equations with a convex extension},
  Author                   = {Friedrichs, K.O. and Lax, P.D.},
  Journal                  = {Proc. Natl. Acad. Sci. USA},
  Year                     = {1971},
  Pages                    = {1686-1688},
  Volume                   = {68}
}

@Article{DDHCas,
  Title                    = {Selective decay by {C}asimir dissipation in inviscid fluids},
  Author                   = {Gay-Malmaz, F. and Holm, D.D.},
  Journal                  = {Nonlinearity},
  Year                     = {2013},
  Pages                    = {495-524},
  Volume                   = {26}
}

@Article{Gebel2011,
  Title                    = {The kinetics of water sorption in Nafion membranes: a
 small-angle neutron scattering study},
  Author                   = {Gebel, G. and Lyonnard, S. and Mendil-Jakani, H. and
 Morin, A.},
  Journal                  = {J. Phys.: Condens. Matter},
  Year                     = {2011},
  Number                   = {234107},
  Volume                   = {23}
}

@Article{Geigenmuller1983,
  Title                    = {The approximate nature of the {O}nsager-{C}asimir
 reciprocal relations},
  Author                   = {Geigenm{\"u}ller, U and Titulaer, UM and Felderhof, BU},
  Journal                  = {Physica A: Statistical Mechanics and its Applications},
  Year                     = {1983},
  Number                   = {1},
  Pages                    = {53--66},
  Volume                   = {119},

  Publisher                = {Elsevier}
}

@Book{Gelfand,
  Title                    = {Generalized Functions: Applications of harmonic analysis},
  Author                   = {Gelfand, I.M. and Vilenkine, N.I.},
  Publisher                = {Academic Press},
  Year                     = {1964},
  Series                   = {Applications of Harmonic Analysis},

  ISBN                     = {9780122795046},
  Url                      = {https://books.google.ca/books?id=sRXVXwAACAAJ}
}

@Book{Gibbs,
  Title                    = {The scientific papers of J. Willard Gibbs},
  Author                   = {Gibbs, Josiah Willard},
  Publisher                = {Ox Bow Press},
  Year                     = {1993},
  Volume                   = {1: Thermodynamics}
}

@Article{Landau-Ginzburg,
  Title                    = {On the theory of superconductivity},
  Author                   = {Ginzburg, V.L. and Landau, L.D.},
  Journal                  = {Zhur. Eksp. Theor. Fiz.},
  Year                     = {1950},
  Pages                    = {1064-1082},
  Volume                   = {20}
}

@Article{Kirill2012,
  Title                    = {Thermal phenomena associated with water transport across a
 fuel cell membrane: Soret and Dufour effects},
  Author                   = {K. Glavatskiy and J.G. Pharoah and S. Kjelstrup},
  Journal                  = {Journal of Membrane Science},
  Year                     = {2012},
  Note                     = {accepted manuscript},
  Number                   = {0},

  Doi                      = {10.1016/j.memsci.2012.12.023},
  ISSN                     = {0376-7388}
}

@Article{Godunov1970welding,
  Title                    = {{Hydrodynamic effects in colliding solids}},
  Author                   = {Godunov, S.K and Deribas, A.A and Zabrodin, A.V and Kozin, N.S},
  Journal                  = {Journal of Computational Physics},
  Year                     = {1970},
  Number                   = {3},
  Pages                    = {517--539},
  Volume                   = {5},

  Doi                      = {10.1016/0021-9991(70)90078-1},
  ISSN                     = {00219991}
}

@Article{God-Siberian,
  Title                    = {Systems of thermodynamically coordinated laws of conservation invariant under rotations},
  Author                   = {Godunov, S. and Mikhailova, T. and Romenskii, E.},
  Journal                  = {Siberian Mathematical Journal},
  Year                     = {1996},
  Number                   = {4},
  Pages                    = {690-705},
  Volume                   = {37}
}

@InBook{GodR,
  Title                    = {Computational Fluid Dynamics Review},
  Author                   = {Godunov, S.K. and Romensky, E.},
  Chapter                  = {Thermodynamics, conservation laws and symmetric forms of differential equations in mechanics of continuous media},
  Pages                    = {19-31},
  Publisher                = {Wiley: New York, NY, USA},
  Year                     = {1995}
}

@Book{God1978,
  Title                    = {{Elements of mechanics of continuous media}},
  Author                   = {Godunov, S K},
  Publisher                = {Nauka},
  Year                     = {1978},
  Edition                  = {1st Russia}
}

@Article{God1972MHD,
  Title                    = {{Symmetric form of the magnetohydrodynamic equation}},
  Author                   = {Godunov, S K},
  Journal                  = {Numerical Methods for Mechanics of Continuum Medium},
  Year                     = {1972},
  Number                   = {1},
  Pages                    = {26--34},
  Volume                   = {3},

  Institution              = {Computer Center, Novosibirsk, USSR},
  Url                      = {https://pdfs.semanticscholar.org/5066/233d430f114fdf1d4c9c1ef5a67b365ac19f.pdf}
}

@Article{God1961,
  Title                    = {{An interesting class of quasilinear systems}},
  Author                   = {Godunov, S K},
  Journal                  = {Dokl. Akad. Nauk SSSR},
  Year                     = {1961},
  Number                   = {3},
  Pages                    = {521--523},
  Volume                   = {139}
}

@Article{GodDemchuk1974,
  Title                    = {{Interpolation formulas for Maxwell viscosity of certain metals as a function of shear-strain intensity and temperature}},
  Author                   = {Godunov, S K and Demchuk, A F and Kozin, N S and Mali, V I},
  Journal                  = {Journal of Applied Mechanics and Technical Physics},
  Year                     = {1974},
  Number                   = {4},
  Pages                    = {526--529},
  Volume                   = {15},

  Doi                      = {10.1007/BF00864733}
}

@Article{GodDenisenko1975,
  Title                    = {{Use of relaxation viscoelastic model in calculating uniaxial homogeneous strains and refining the interpolation equations for Maxwellian viscosity}},
  Author                   = {Godunov, S K and Denisenko, V V and Kozin, N S and Kuz'mina, N K},
  Journal                  = {Journal of Applied Mechanics and Technical Physics},
  Year                     = {1975},
  Number                   = {5},
  Pages                    = {811--814},
  Volume                   = {16},

  Doi                      = {10.1007/BF00854096}
}

@Article{GodKozin1974,
  Title                    = {{Shock structure in a viscoelastic medium with a nonlinear dependence of the Maxwellian viscosity on the parameters of the material}},
  Author                   = {Godunov, S K and Kozin, N S},
  Journal                  = {Journal of Applied Mechanics and Technical Physics},
  Year                     = {1974},
  Number                   = {5},
  Pages                    = {666--671},
  Volume                   = {15},

  Doi                      = {10.1007/BF00851527}
}

@Article{Godunov-Peshkov,
  Title                    = {Thermodynamically consistent nonlinear model of elastoplastic {M}axwell medium},
  Author                   = {Godunov, S. K. and Peshkov, I. M.},
  Journal                  = {Computational Mathematics and Mathematical Physics},
  Year                     = {2010},
  Number                   = {8},
  Pages                    = {1409--1426},
  Volume                   = {50}
}

@Book{GodRom2003,
  Title                    = {{Elements of continuum mechanics and conservation laws}},
  Author                   = {Godunov, S K and Romenskii, E I},
  Publisher                = {Kluwer Academic/Plenum Publishers},
  Year                     = {2003},

  File                     = {:home{\_}pers/peshkov/Documents/Mendeley Desktop/Godunov, Romenskii - 2003 - Elements of continuum mechanics and conservation laws.pdf:pdf}
}

@Article{GodRom1972,
  Title                    = {{Nonstationary equations of nonlinear elasticity theory in Eulerian coordinates}},
  Author                   = {Godunov, S K and Romenskii, E I},
  Journal                  = {Journal of Applied Mechanics and Technical Physics},
  Year                     = {1972},
  Number                   = {6},
  Pages                    = {868--884},
  Volume                   = {13}
}

@Book{goedbloed2004principles,
  Title                    = {Principles of magnetohydrodynamics: with applications to laboratory and astrophysical plasmas},
  Author                   = {Goedbloed, Johan Peter and Poedts, Stefaan},
  Publisher                = {Cambridge university press},
  Year                     = {2004}
}

@Book{Gorban,
  Title                    = {Invariant Manifolds for Physical and Chemical Kinetics},
  Author                   = {Gorban, A.N. and Karlin, I.V.},
  Publisher                = {Springer},
  Year                     = {2005},
  Series                   = {Lecture Notes in Physics},

  ISBN                     = {9783540226840},
  Lccn                     = {2004113306},
  Url                      = {http://books.google.cz/books?id=hjvjPmL5rPwC}
}

@Article{GK-Ehrenfest,
  Title                    = {Ehrenfest’s argument extended to a formalism of nonequilibrium thermodynamics},
  Author                   = {Alexander N. Gorban and Iliya V. Karlin and Hans Christian \"{O}ttinger and Larisa L. Tatarinova},
  Journal                  = {Physical Review E},
  Year                     = {2001},
  Number                   = {066124},
  Volume                   = {63}
}

@Article{GradB,
  Title                    = {On {B}oltzmann's {H}-theorem},
  Author                   = {Grad, H.},
  Journal                  = {J. Soc. Indust. Math.},
  Year                     = {1965},
  Pages                    = {259-277},
  Volume                   = {13}
}

@InCollection{Grad,
  Title                    = {Principles of kinetic theory of gases},
  Author                   = {H. Grad},
  Booktitle                = {Handbuch der Physik},
  Publisher                = {Springer, Berlin},
  Year                     = {1958},
  Volume                   = {12}
}

@Article{Green1968,
  Title                    = {A note on mixtures },
  Author                   = {A.E. Green and P.M. Naghdi},
  Journal                  = {International Journal of Engineering Science },
  Year                     = {1968},
  Number                   = {11},
  Pages                    = {631 - 635},
  Volume                   = {6},

  Doi                      = {http://dx.doi.org/10.1016/0020-7225(68)90064-5},
  ISSN                     = {0020-7225},
  Url                      = {http://www.sciencedirect.com/science/article/pii/0020722568900645}
}

@Article{Green,
  Title                    = {Generalized Ornstein-Zernike Approach to Critical Phenomena},
  Author                   = {Green, M.S.},
  Journal                  = {J. Math. Phys.},
  Year                     = {1968},
  Number                   = {875},
  Volume                   = {9}
}

@Article{Miroslav2014-Entropy,
  Title                    = {{Contact Geometry of Mesoscopic Thermodynamics and
 Dynamics}},
  Author                   = {Grmela, Miroslav},
  Journal                  = {{Entropy}},
  Year                     = {{2014}},

  Month                    = {{MAR}},
  Number                   = {{3}},
  Pages                    = {{1652-1686}},
  Volume                   = {{16}},

  Doi                      = {{10.3390/e16031652}},
  ISSN                     = {{1099-4300}},
  Unique-id                = {{ISI:000334248200024}}
}

@Article{Miroslav-WhyGeneric,
  Title                    = {{Why GENERIC?}},
  Author                   = {Grmela, Miroslav},
  Journal                  = {{Journal of non-newtonian fluid mechanics}},
  Year                     = {{2010}},

  Month                    = {{SEP}},
  Number                   = {{17-18, SI}},
  Pages                    = {{980-986}},
  Volume                   = {{165}},

  Doi                      = {{10.1016/j.jnnfm.2010.01.018}},
  ISSN                     = {{0377-0257}},
  Unique-id                = {{ISI:000281413600008}}
}

@Article{Miroslav-guide,
  Title                    = {GENERIC Guide to the Multiscale Dynamics and Thermodynamics},
  Author                   = {Miroslav Grmela},
  Journal                  = {Journal of Physics Communications},
  Year                     = {2018},
  Number                   = {032001},
  Volume                   = {2}
}

@Article{MG-CR,
  Title                    = {Externally Driven Macroscopic Systems: Dynamics
 Versus Thermodynamics},
  Author                   = {Grmela, Miroslav},
  Journal                  = {Journal of Statistical Physics},
  Year                     = {2017},
  Number                   = {2},
  Pages                    = {282--316},
  Volume                   = {166},

  Abstract                 = {Experience collected in mesoscopic dynamic modeling
 of externally driven systems indicates absence of
 potentials that could play role of equilibrium or
 nonequilibrium thermodynamic potentials yet their
 thermodynamics-like modeling is often found to
 provide a good description, good understanding, and
 predictions that agree with results of experimental
 observations. This apparent contradiction is
 explained by noting that the dynamic and the
 thermodynamics-like investigations on a given
 mesoscopic level of description are not directly
 related. Their relation is indirect. They both
 represent two aspects of dynamic modeling on a more
 microscopic level of description. The thermodynamic
 analysis arises in the investigation of the way the
 more microscopic dynamics reduces to the mesoscopic
 dynamics (reducing dynamics) and the mesoscopic
 dynamic analysis in the investigation of the result
 of the reduction (reduced dynamics).},
  Doi                      = {10.1007/s10955-016-1694-6},
  ISSN                     = {1572-9613},
  Url                      = {http://dx.doi.org/10.1007/s10955-016-1694-6}
}

@Article{Miroslav2015-Entropy,
  Title                    = {Geometry of mesoscopic nonequilibrium thermodynamics},
  Author                   = {M. Grmela},
  Journal                  = {Entropy},
  Year                     = {2015},
  Pages                    = {5938-5964},
  Volume                   = {17}
}

@Article{Grmela2013-CMAT,
  Title                    = {Role of thermodynamics in multiscale physics },
  Author                   = {Miroslav Grmela},
  Journal                  = {Computers and Mathematics with Applications },
  Year                     = {2013},
  Number                   = {10},
  Pages                    = {1457 - 1470},
  Volume                   = {65},

  Doi                      = {http://dx.doi.org/10.1016/j.camwa.2012.11.019},
  ISSN                     = {0898-1221},
  Keywords                 = {Contact geometry },
  Url                      = {http://www.sciencedirect.com/science/article/pii/S0898122112006803}
}

@Article{Grmela2012fluctuations,
  Title                    = {Fluctuations in extended mass-action-law dynamics},
  Author                   = {Grmela, Miroslav},
  Journal                  = {Physica D: Nonlinear Phenomena},
  Year                     = {2012},
  Number                   = {10},
  Pages                    = {976--986},
  Volume                   = {241},

  Publisher                = {Elsevier}
}

@Article{Grmela-LoMA,
  Title                    = {Fluctuations in extended mass-action-law dynamics},
  Author                   = {Grmela, M.},
  Journal                  = {Physica D Nonlinear Phenomena},
  Year                     = {2012},

  Month                    = may,
  Pages                    = {976-986},
  Volume                   = {241},

  Adsnote                  = {Provided by the SAO/NASA Astrophysics Data System},
  Adsurl                   = {http://adsabs.harvard.edu/abs/2012PhyD..241..976G},
  Doi                      = {10.1016/j.physd.2012.02.008}
}

@Article{Grmela2010AdvChemEng,
  Title                    = {Multiscale equilibrium and nonequilibrium thermodynamics
 in chemical engineering},
  Author                   = {Grmela, Miroslav},
  Journal                  = {Advances in Chemical Engineering},
  Year                     = {2010},
  Pages                    = {75--129},
  Volume                   = {39},

  Publisher                = {Elsevier}
}

@Article{Grmela2010-QT,
  Title                    = {Hamiltonian and Thermodynamic Modeling of Quantum
 Turbulence},
  Author                   = {Grmela, Miroslav},
  Journal                  = {Journal of Statistical Physics},
  Year                     = {2010},
  Number                   = {2},
  Pages                    = {318-341},
  Volume                   = {141},

  Doi                      = {10.1007/s10955-010-0048-z},
  ISSN                     = {0022-4715},
  Language                 = {English},
  Publisher                = {Springer US},
  Url                      = {http://dx.doi.org/10.1007/s10955-010-0048-z}
}

@Article{Miroslav-PLA,
  Title                    = {A framework for elasto-plastic hydrodynamics},
  Author                   = {Miroslav Grmela},
  Journal                  = {Physics letters A},
  Year                     = {2003},
  Pages                    = {134-146},
  Volume                   = {312}
}

@Article{Grmela2002PhysA,
  Title                    = {Reciprocity relations in thermodynamics},
  Author                   = {Grmela, Miroslav},
  Journal                  = {Physica A: Statistical Mechanics and its Applications},
  Year                     = {2002},
  Number                   = {3},
  Pages                    = {304--328},
  Volume                   = {309},

  Publisher                = {Elsevier}
}

@Article{MG-driven,
  Title                    = {Thermodynamics of driven systems},
  Author                   = {M. Grmela},
  Journal                  = {Phys. Rev. E},
  Year                     = {1993},
  Pages                    = {919-930},
  Volume                   = {48}
}

@Article{Miroslav1993-nonlocal,
  Title                    = {Weakly nonlocal hydrodynamics},
  Author                   = {Miroslav Grmela},
  Journal                  = {Physical review E},
  Year                     = {1993},
  Number                   = {1},
  Volume                   = {47}
}

@InProceedings{Miroslav-lift,
  Title                    = {Thermodynamical Lift of the Nonlinear {O}nsager-{C}asimir Vector Field},
  Author                   = {M. Grmela},
  Booktitle                = {Proceedings of the Workshop on Hamiltonian Systems, Transformation Groups and Spectral Transform
Methods, Université de Montréal, Montréal, QC, Canada},
  Year                     = {1990},
  Pages                    = {199-207}
}

@Article{MG-contemp,
  Title                    = {Particle and bracket formulations of kinetic equations},
  Author                   = {M. Grmela},
  Journal                  = {Contemp. Math.},
  Year                     = {1984},
  Pages                    = {125-132},
  Volume                   = {28}
}

@Article{Miroslav-contemporary_math,
  Title                    = {Particle and Bracket Formulations of Kinetic Equations},
  Author                   = {Grmela, M.},
  Journal                  = {Contemporary Mathematics},
  Year                     = {1984},
  Number                   = {125},
  Volume                   = {28}
}

@Article{Miroslav-phase-transitions,
  Title                    = {Kinetic approach to phase transitions},
  Author                   = {Grmela, M.},
  Journal                  = {J. Stat. Phys.},
  Year                     = {1971},
  Pages                    = {347-364},
  Volume                   = {3}
}

@Article{GrPD,
  Title                    = {Bracket formulation of diffusion-convection equations},
  Author                   = {Grmela, M.},
  Journal                  = {Physica D},
  Year                     = {198},
  Pages                    = {179-212},
  Volume                   = {21}
}

@Article{Grmela2001-immiscible,
  Title                    = {On the rheology of immiscible blends},
  Author                   = {Grmela, Miroslav and Bousmina, Mosto and Palierne,
 Jean-François},
  Journal                  = {Rheologica Acta},
  Year                     = {2001},
  Number                   = {6},
  Pages                    = {560-569},
  Volume                   = {40},

  Doi                      = {10.1007/s003970100188},
  ISSN                     = {0035-4511},
  Language                 = {English},
  Publisher                = {Springer-Verlag},
  Url                      = {http://dx.doi.org/10.1007/s003970100188}
}

@Article{Carreau-Grmela,
  Title                    = {Conformation tensor rheological models},
  Author                   = {M. Grmela and P.J. Carreau},
  Journal                  = {Journal of Non-Newtonian Fluid Mechanics},
  Year                     = {1987},
  Number                   = {Supplement C},
  Pages                    = {271 - 294},
  Volume                   = {23},

  Doi                      = {https://doi.org/10.1016/0377-0257(87)80022-8},
  ISSN                     = {0377-0257},
  Url                      = {http://www.sciencedirect.com/science/article/pii/0377025787800228}
}

@Article{Miroslav-Iscoe,
  Title                    = {Reductions in a class of dissipative dynamical systems of
 macroscopic physics},
  Author                   = {Grmela, Miroslav and Iscoe, Ian},
  Journal                  = {Ann. Inst. Henry Poincaré},
  Year                     = {1978},
  Number                   = {2},
  Pages                    = {111-136},
  Volume                   = {28}
}

@Article{Miroslav-radiace,
  Title                    = {Radiation Hydrodynamics and Thermodynamics},
  Author                   = {M. Grmela and D. Jou and J. Casas-Vazquez},
  Journal                  = {J. Non-Equilib. Thermodyn.},
  Year                     = {1998},
  Pages                    = {203-225},
  Volume                   = {23}
}

@Article{Miroslav-turbulence,
  Title                    = {Ensemble averaging in turbulence modelling},
  Author                   = {Grmela, M and Jou, D and Casas-Vazquez, J and Bousmina, M and Lebon, G},
  Journal                  = {Physics Letters A},
  Year                     = {2004},

  Month                    = {SEP 13},
  Number                   = {1-2},
  Pages                    = {54-64},
  Volume                   = {330},

  Doi                      = {10.1016/j.physleta.2004.07.043},
  ISSN                     = {0375-9601},
  Researcherid-numbers     = {Jou, David/C-7120-2008},
  Unique-id                = {ISI:000223803800010}
}

@Article{RedExt,
  Title                    = {Reductions and extensions in mesoscopic dynamics},
  Author                   = {Grmela, M. and Klika, V. and Pavelka, M.},
  Journal                  = {Phys. Rev. E},
  Year                     = {2015},
  Number                   = {032111},
  Volume                   = {92}
}

@Article{Miroslav-Lafleur,
  Title                    = {Kinetic Theory and Hydrodynamics of Rigid Body Fluids},
  Author                   = {M. Grmela and P.G. Lafleur},
  Journal                  = {J. Chem. Phys.},
  Year                     = {1998},
  Pages                    = {6995-6972},
  Volume                   = {109}
}

@Article{Miroslav-heat,
  Title                    = {Multiscale thermodynamics and mechanics of heat},
  Author                   = {Grmela, Miroslav and Lebon, Georgy and Dubois, Charles},
  Journal                  = {Phys. Rev. E},
  Year                     = {2011},

  Month                    = {Jun},
  Pages                    = {061134},
  Volume                   = {83},

  Doi                      = {10.1103/PhysRevE.83.061134},
  Issue                    = {6},
  Numpages                 = {15},
  Publisher                = {American Physical Society},
  Url                      = {https://link.aps.org/doi/10.1103/PhysRevE.83.061134}
}

@Article{Grmela-thermodiffusion2,
  Title                    = {A Comparative Study of the Coupling of Flow with
 Non-Fickean Thermodiffusion. Part II: GENERIC.},
  Author                   = {Grmela, M. and Lebon, G. and Lhuillier, D.},
  Journal                  = {Journal of Non-Equilibrium Thermodynamics},
  Year                     = {2003},
  Number                   = {1},
  Pages                    = {23 - 50},
  Volume                   = {28},

  ISSN                     = {03400204},
  Keywords                 = {FLUIDS, THERMODYNAMIC equilibrium, CHEMICAL equilibrium,
 THERMODYNAMICS, EVOLUTION equations},
  Url                      = {http://search.ebscohost.com/login.aspx?direct=true&db=a9h&AN=11359112&site=ehost-live}
}

@Article{Miroslav2013-colloidal,
  Title                    = {{Kinetic theory of colloidal suspensions: morphology,
 rheology, and migration}},
  Author                   = {Grmela, Miroslav and Maitrejean, Guillaume and Chinesta,
 Francisco and Ammar, Amine},
  Journal                  = {{Rheologica acta}},
  Year                     = {{2013}},

  Month                    = {{JUN}},
  Number                   = {{6}},
  Pages                    = {{557-577}},
  Volume                   = {{52}},

  Doi                      = {{10.1007/s00397-013-0705-7}},
  ISSN                     = {{0035-4511}},
  Unique-id                = {{ISI:000320315100003}}
}

@Article{Grmela1997,
  Title                    = {Dynamics and thermodynamics of complex fluids. I.
 Development of a general formalism},
  Author                   = {Grmela, Miroslav and Öttinger, Hans Christian},
  Journal                  = {Phys. Rev. E},
  Year                     = {1997},

  Month                    = {Dec},
  Pages                    = {6620--6632},
  Volume                   = {56},

  Doi                      = {10.1103/PhysRevE.56.6620},
  Issue                    = {6},
  Publisher                = {American Physical Society},
  Url                      = {http://link.aps.org/doi/10.1103/PhysRevE.56.6620}
}

@Article{Miroslav-Rosen,
  Title                    = {{Compatibility of the enskog kinetic-theory with
 hydrodynamics}},
  Author                   = {Grmela, M and Rosen, R and Garcia-Colin, LS},
  Journal                  = {{Journal of chemical physics}},
  Year                     = {{1981}},
  Number                   = {{11}},
  Pages                    = {{5474-5484}},
  Volume                   = {{75}},

  Doi                      = {{10.1063/1.441950}},
  ISSN                     = {{0021-9606}},
  Unique-id                = {{ISI:A1981MQ41200040}}
}

@Book{dGM,
  Title                    = {Non-equilibrium Thermodynamics},
  Author                   = {S. R. de Groot and P. Mazur},
  Publisher                = {Dover Publications},
  Year                     = {1984},

  Address                  = {New York}
}

@Article{Gu-Miroslav2008,
  Title                    = {{GENERIC model of active advection}},
  Author                   = {Gu, Jian Feng and Grmela, Miroslav},
  Journal                  = {{Journal of non-newtonian fluid mechanics}},
  Year                     = {{2008}},

  Month                    = {{JUN}},
  Note                     = {{4th International Workshop on Equilibrium Thermodynamics
 and Complex Fluids, Rhodes, Greece, SEP 03-07, 2006}},
  Number                   = {{1-3}},
  Pages                    = {{12-26}},
  Volume                   = {{152}},

  Doi                      = {{10.1016/j.jnnfm.2007.05.001}},
  ISSN                     = {{0377-0257}},
  Organization             = {{Univ Patras; Hellenic Soc Rheol}},
  Unique-id                = {{ISI:000256772100003}}
}

@Book{Guggenheim,
  Title                    = {Thermodynamics: an advanced treatment for chemists and
 physicists},
  Author                   = {Guggenheim, E.A.},
  Publisher                = {North-Holland Pub. Co.},
  Year                     = {1949},
  Series                   = {Monographs on theoretical and applied physics},

  Lccn                     = {51003863}
}

@Article{Guldberg1879,
  Title                    = {Concerning Chemical Affinity},
  Author                   = {Guldberg, C.M. and Waage, P.},
  Journal                  = {Erdmann's Journal für Practische Chemie},
  Year                     = {1879},
  Number                   = {69-114},
  Volume                   = {127}
}

@Book{Gurtin,
  Title                    = {An Introduction to Continuum Mechanics},
  Author                   = {Gurtin, M.E.},
  Publisher                = {Elsevier Science},
  Year                     = {1982},
  Series                   = {Mathematics in Science and Engineering},

  ISBN                     = {9780080918495}
}

@Article{Gurtin-1971,
  Title                    = {On the thermodynamics of chemically reacting fluid
 mixtures},
  Author                   = {Gurtin, MorionE.},
  Journal                  = {Archive for Rational Mechanics and Analysis},
  Year                     = {1971},
  Pages                    = {198-212},
  Volume                   = {43},

  Doi                      = {10.1007/BF00251452},
  ISSN                     = {0003-9527},
  Issue                    = {3},
  Language                 = {English},
  Publisher                = {Springer-Verlag}
}

@Book{Gyarmati,
  Title                    = {Non-equilibrium thermodynamics: Field theory and
 variational principles},
  Author                   = {Gyarmati, I.},
  Publisher                = {Springer},
  Year                     = {1970},
  Series                   = {Engineering science library},

  Lccn                     = {70979990}
}

@Article{Hutter-plastic,
  Title                    = {Thermodynamic model formulation for viscoplastic solids as general equations for non-equilibrium reversible-irreversible coupling},
  Author                   = {Markus H\"{u}tter and Bob Svendsen},
  Journal                  = {Continuum Mech. Thermodyn.},
  Year                     = {2012},
  Pages                    = {211-227},
  Volume                   = {24},

  Doi                      = {DOI 10.1007/s00161-011-0232-7}
}

@Article{HeintzIllenberger,
  Title                    = {{Thermodynamics of Vanadium redox flow batteries electrochemical and
 calorimetric investigations}},
  Author                   = {Heintz, A and Illenberger, C},
  Journal                  = {{Berichte der Bunsen-Gesellschaft-Physical Chemistry Chemical Physics}},
  Year                     = {{1998}},

  Month                    = {{OCT}},
  Number                   = {{10}},
  Pages                    = {{1401-1409}},
  Volume                   = {{102}},

  ISSN                     = {{0005-9021}},
  Unique-id                = {{ISI:000076550500007}}
}

@Article{Helfer2014,
  Title                    = {Osmotic power with Pressure Retarded Osmosis: Theory,
 performance and trends - A review },
  Author                   = {Fernanda Helfer and Charles Lemckert and Yuri G.
 Anissimov},
  Journal                  = {Journal of Membrane Science },
  Year                     = {2014},
  Number                   = {0},
  Pages                    = {337 - 358},
  Volume                   = {453},

  Doi                      = {http://dx.doi.org/10.1016/j.memsci.2013.10.053},
  ISSN                     = {0376-7388},
  Keywords                 = {Ocean energy },
  Url                      = {http://www.sciencedirect.com/science/article/pii/S037673881300865X}
}

@Book{Hermann,
  Title                    = {Geometry, Physics and Systems},
  Author                   = {R. Hermann},
  Publisher                = {Marcel Dekker: New York, NY, USA},
  Year                     = {1984}
}

@Article{Pivovar2004,
  Title                    = {The Chemical and Structural Nature of Proton Exchange
 Membrane Fuel Cell Properties},
  Author                   = {Hickner, M. A. and Pivovar, B. S.},
  Journal                  = {Fuel Cells},
  Year                     = {2005},
  Number                   = {2},
  Pages                    = {213--229},
  Volume                   = {5},

  Doi                      = {10.1002/fuce.200400064},
  ISSN                     = {1615-6854},
  Publisher                = {WILEY-VCH Verlag}
}

@Article{Hill1970,
  Title                    = {{Thermochemistry and oxidation potentials of vanadium, niobium, and
 tantalum}},
  Author                   = {Hill, JO and Worsley, IG and Hepler, LG},
  Journal                  = {{Chemical Reviews}},
  Year                     = {{1971}},
  Number                   = {{1}},
  Pages                    = {{127-\&}},
  Volume                   = {{71}},

  ISSN                     = {{0009-2665}},
  Unique-id                = {{ISI:A1971I321700005}}
}

@Book{Hirschfelder,
  Title                    = {Molecular theory of gases and liquids},
  Author                   = {Hirschfelder, J.O. and Curtiss, C.F. and Bird, R.B. and
 University of Wisconsin. Theoretical Chemistry Laboratory},
  Publisher                = {Wiley},
  Year                     = {1954},
  Series                   = {Structure of matter series},

  ISBN                     = {9780471400653},
  Lccn                     = {66001476}
}

@Article{Hoffmann03,
  Title                    = {{Optimal process paths for endoreversible systems}},
  Author                   = {Hoffmann, KH and Burzler, J and Fischer, A and Schaller, M
 and Schubert, S},
  Journal                  = {{JOURNAL OF NON-EQUILIBRIUM THERMODYNAMICS}},
  Year                     = {{2003}},
  Number                   = {{3}},
  Pages                    = {{233-268}},
  Volume                   = {{28}},

  Doi                      = {{10.1515/JNETDY.2003.015}},
  ISSN                     = {{0340-0204}},
  Unique-id                = {{ISI:000184572400005}}
}

@Article{Hoffmann97,
  Title                    = {{Endoreversible thermodynamics}},
  Author                   = {Hoffmann, KH and Burzler, JM and Schubert, S},
  Journal                  = {{JOURNAL OF NON-EQUILIBRIUM THERMODYNAMICS}},
  Year                     = {{1997}},
  Number                   = {{4}},
  Pages                    = {{311-355}},
  Volume                   = {{22}},

  ISSN                     = {{0340-0204}},
  Unique-id                = {{ISI:000073161100002}}
}

@Book{DDH,
  Title                    = {Geometric mechanics: {P}art I. {D}ynamics and Symmetry},
  Author                   = {Holm, D.D.},
  Publisher                = {Imp. College Press},
  Year                     = {2011}
}

@Article{Holm-Kupershmidt1983-MHD,
  Title                    = {{Noncanonical {H}amiltonian-formulation of ideal magnetohydrodynamics}},
  Author                   = {Holm, DD and Kupershmidt, BA},
  Journal                  = {{Physica D}},
  Year                     = {{1983}},
  Number                   = {{1-3}},
  Pages                    = {{330-333}},
  Volume                   = {{7}},

  Doi                      = {{10.1016/0167-2789(83)90136-7}},
  ISSN                     = {{0167-2789}},
  Orcid-numbers            = {{Holm, Darryl D/0000-0001-6362-9912}},
  Unique-id                = {{ISI:A1983RH39400027}}
}

@Article{holm1986hamiltonian,
  Title                    = {Hamiltonian dynamics of a charged fluid, including electro-and magnetohydrodynamics},
  Author                   = {Holm, Darryl D},
  Journal                  = {Physics Letters A},
  Year                     = {1986},
  Number                   = {3},
  Pages                    = {137--141},
  Volume                   = {114},

  Publisher                = {Elsevier}
}

@Article{Holm1983,
  Title                    = {Poisson brackets and clebsch representations for magnetohydrodynamics, multifluid plasmas, and elasticity },
  Author                   = {Darryl D. Holm and Boris A. Kupershmidt},
  Journal                  = {Physica D: Nonlinear Phenomena },
  Year                     = {1983},
  Number                   = {3},
  Pages                    = {347 - 363},
  Volume                   = {6},

  Doi                      = {http://dx.doi.org/10.1016/0167-2789(83)90017-9},
  ISSN                     = {0167-2789},
  Url                      = {http://www.sciencedirect.com/science/article/pii/0167278983900179}
}

@Article{Holm1983a,
  Title                    = {Poisson brackets and clebsch representations for magnetohydrodynamics, multifluid plasmas, and elasticity },
  Author                   = {Darryl D. Holm and Boris A. Kupershmidt},
  Journal                  = {Physica D: Nonlinear Phenomena },
  Year                     = {1983},
  Number                   = {3},
  Pages                    = {347 - 363},
  Volume                   = {6},

  Doi                      = {http://dx.doi.org/10.1016/0167-2789(83)90017-9},
  ISSN                     = {0167-2789},
  Url                      = {http://www.sciencedirect.com/science/article/pii/0167278983900179}
}

@Article{Holm-stability,
  Title                    = {NONLINEAR STABILITY OF FLUID AND PLASMA EQUILIBRIA},
  Author                   = {Darryl D. HOLM and Jerrold E. MARSDEN and Tudor RATIU and Alan WEINSTEIN},
  Journal                  = {Physics Reports},
  Year                     = {1985},
  Number                   = {1 \& 2},
  Pages                    = {1--116},
  Volume                   = {123}
}

@Article{Karel2,
  Title                    = {A thermodynamically compatible rate type fluid to describe the response of asphalt},
  Author                   = {Hron, J. and Kratochv\'{\i}l, J. and M\'alek, J. and Rajagopal, K. R. and T\ukr{u}ma, K.},
  Journal                  = {Math. Comput. Simul.},
  Year                     = {2012},
  Number                   = {10},
  Pages                    = {1853--1873},
  Volume                   = {82}
}

@Article{Hron2001,
  Title                    = {Simple flows of fluids with pressure–dependent
 viscosities},
  Author                   = {Hron, J. and Málek, J. and Rajagopal, K. R.},
  Journal                  = {Proceedings of the Royal Society of London. Series A:
 Mathematical, Physical and Engineering Sciences},
  Year                     = {2001},
  Number                   = {2011},
  Pages                    = {1603-1622},
  Volume                   = {457},

  Doi                      = {10.1098/rspa.2000.0723}
}

@Article{Hron-B,
  Title                    = {{On thermodynamics of viscoelastic rate type fluids with temperature dependent material coefficients}},
  Author                   = {Hron, J. and Milo{\v{s}}, V. and Pr\ukr{u}{\v{s}}a, V. and Sou{\v{c}}ek, O. and T\ukr{u}ma, K.},
  Journal                  = {Int. J. Non-Linear Mech.},
  Year                     = {2017},
  Pages                    = {193--208},
  Volume                   = {95},

  Doi                      = {10.1016/j.ijnonlinmec.2017.06.011}
}

@Article{Hudak2014,
  Title                    = {{Practical thermodynamic quantities for aqueous vanadium- and iron-based
 flow batteries}},
  Author                   = {Hudak, Nicholas S.},
  Journal                  = {{Journal of Power Sources}},
  Year                     = {{2014}},

  Month                    = {{DEC 10}},
  Pages                    = {{962-974}},
  Volume                   = {{269}},

  Doi                      = {{10.1016/j.jpowsour.2013.12.089}},
  Eissn                    = {{1873-2755}},
  ISSN                     = {{0378-7753}},
  Researcherid-numbers     = {{Hudak, Nicholas/D-3529-2011}},
  Unique-id                = {{ISI:000340975200115}}
}

@Article{HurleyGarrod82PRL,
  Title                    = {Generalization of the {O}nsager reciprocity theorem},
  Author                   = {Hurley, James and Garrod, Claude},
  Journal                  = {Physical Review Letters},
  Year                     = {1982},
  Number                   = {23},
  Pages                    = {1575},
  Volume                   = {48},

  Publisher                = {APS}
}

@Book{Hutter-Continuum,
  Title                    = {Continuum Methods of Physical Modeling: Continuum
 Mechanics, Dimensional Analysis, Turbulence},
  Author                   = {Hutter, K. and J{\"o}hnk, K.},
  Publisher                = {Springer},
  Year                     = {2004},
  Series                   = {Physics and Astronomy Online Library},

  ISBN                     = {9783540206194},
  Lccn                     = {2003067371}
}

@Article{Hutter2013,
  Title                    = {Quasi-linear versus potential-based formulations of
 force–flux relations and the GENERIC for irreversible
 processes: comparisons and examples},
  Author                   = {Hütter, Markus and Svendsen, Bob},
  Journal                  = {Continuum Mechanics and Thermodynamics},
  Year                     = {2013},
  Number                   = {6},
  Pages                    = {803-816},
  Volume                   = {25},

  Doi                      = {10.1007/s00161-012-0289-y},
  ISSN                     = {0935-1175},
  Keywords                 = {Non-equilibrium thermodynamics; GENERIC; Irreversible
 processes; Force–flux relation; Dissipation potential},
  Publisher                = {Springer Berlin Heidelberg}
}

@Book{hydon2000symmetry,
  Title                    = {Symmetry methods for differential equations: a beginner's guide},
  Author                   = {Hydon, Peter E},
  Publisher                = {Cambridge University Press},
  Year                     = {2000},
  Volume                   = {22}
}

@Article{Ishida1987,
  Title                    = {{Evaluation of a chemical-looping-combustion
 power-generation system by graphic exergy analysis}},
  Author                   = {ISHIDA, M and ZHENG, D and AKEHATA, T},
  Journal                  = {{ENERGY}},
  Year                     = {{1987}},

  Month                    = {{FEB}},
  Number                   = {{2}},
  Pages                    = {{147-154}},
  Volume                   = {{12}},

  Doi                      = {{10.1016/0360-5442(87)90119-8}},
  ISSN                     = {{0360-5442}},
  Unique-id                = {{ISI:A1987H165200007}}
}

@Article{Ishihara2004,
  Title                    = {Exergy analysis of polymer electrolyte fuel cell systems
 using methanol },
  Author                   = {Akimitsu Ishihara and Shigenori Mitsushima and Nobuyuki
 Kamiya and Ken-ichiro Ota},
  Journal                  = {Journal of Power Sources },
  Year                     = {2004},
  Number                   = {1–2},
  Pages                    = {34 - 40},
  Volume                   = {126},

  Doi                      = {http://dx.doi.org/10.1016/j.jpowsour.2003.08.029},
  ISSN                     = {0378-7753},
  Keywords                 = {Efficiency },
  Url                      = {http://www.sciencedirect.com/science/article/pii/S0378775303009273}
}

@Article{entprodmax,
  Title                    = {Gradient dynamics and entropy production maximization},
  Author                   = {Adam Jane{\v c}ka and Michal Pavelka},
  Journal                  = {Journal of Non-equilibrium Thermodynamics},
  Year                     = {2018},
  Number                   = {1},
  Pages                    = {1-19},
  Volume                   = {43}
}

@Article{janecka.a.prusa.v:perspectives,
  Title                    = {Perspectives on using implicit type constitutive relations
 in the modelling of the behaviour of non-Newtonian fluids},
  Author                   = {Jane\v{c}ka, A. and Pr\ukr{u}\v{s}a, V.},
  Journal                  = {AIP Conference Proceedings},
  Year                     = {2015},
  Volume                   = {1662},

  Doi                      = {10.1063/1.4918873},
  Eid                      = {020003}
}

@Article{Jaynes,
  Title                    = {Information theory and Statistical mechanics},
  Author                   = {E. T. Jaynes},
  Journal                  = {Physical Review},
  Year                     = {1957},
  Number                   = {4},
  Pages                    = {620-630},
  Volume                   = {106}
}

@Article{Jeck2011,
  Title                    = {Absence of Schroeder's paradox: Experimental evidence for
 water-swollen Nafion\textregistered membranes },
  Author                   = {Sandra Jeck and Philip Scharfer and Matthias Kind},
  Journal                  = {Journal of Membrane Science},
  Year                     = {2011},
  Number                   = {1-2},
  Pages                    = {74-79},
  Volume                   = {373},

  Doi                      = {http://dx.doi.org/10.1016/j.memsci.2011.02.036},
  ISSN                     = {0376-7388},
  Url                      = {http://www.sciencedirect.com/science/article/pii/S0376738811001566}
}

@Article{Jeffery,
  Title                    = {The motion of ellipsoidal particles immersed in a viscous fluid},
  Author                   = {G.B. Jeffery},
  Journal                  = {Proc. Roy. Soc. Lond. Ser. A},
  Year                     = {1922},
  Pages                    = {161-179},
  Volume                   = {102}
}

@Article{Jizba-Arimitsu2004,
  Title                    = {Generalized statistics: yet another generalization},
  Author                   = {Petr Jizba and Toshihico Arimitsu},
  Journal                  = {Physica A: Statistical Mechanics and its Applications},
  Year                     = {2004},
  Number                   = {1},
  Pages                    = {110 - 116},
  Volume                   = {340},

  Doi                      = {https://doi.org/10.1016/j.physa.2004.03.085},
  Url                      = {http://www.sciencedirect.com/science/article/pii/S0378437104004042}
}

@Article{Jou1991,
  Title                    = {On the nonequilibrium thermodynamics of non-Fickian
 diffusion},
  Author                   = {Jou, David and Camacho, J. and Grmela, M.},
  Journal                  = {Macromolecules},
  Year                     = {1991},
  Number                   = {12},
  Pages                    = {3597-3602},
  Volume                   = {24},

  Doi                      = {10.1021/ma00012a021},
  Url                      = {http://pubs.acs.org/doi/abs/10.1021/ma00012a021}
}

@Book{Jou-EIT,
  Title                    = {Extended Irreversible Thermodynamics},
  Author                   = {D. Jou and J. Casas-Vázquez and G. Lebon},
  Publisher                = {Springer-Verlag},
  Year                     = {2010},

  Address                  = {New York},
  Edition                  = {4th},

  ISBN                     = {978-90-481-3073-3}
}

@Article{vanKampen-radiation,
  Title                    = {Condensation of a Classical Gas with Long-Range Attraction},
  Author                   = {van Kampen, N.},
  Journal                  = {Phys. Rev.},
  Year                     = {1964},
  Pages                    = {A362},
  Volume                   = {135}
}

@Article{vanKampen1954,
  Title                    = {Quantum statistics of irreversible processes },
  Author                   = {N.G. Van Kampen},
  Journal                  = {Physica },
  Year                     = {1954},
  Number                   = {1–6},
  Pages                    = {603 - 622},
  Volume                   = {20},

  Doi                      = {http://dx.doi.org/10.1016/S0031-8914(54)80074-7},
  ISSN                     = {0031-8914},
  Url                      = {http://www.sciencedirect.com/science/article/pii/S0031891454800747}
}

@Book{Kanwal2012GeneralizedFunctions,
  Title                    = {Generalized functions theory and technique: Theory and technique},
  Author                   = {Kanwal, Ram P},
  Publisher                = {Springer Science \& Business Media},
  Year                     = {2012}
}

@Article{GK-Ehrenfest2,
  Title                    = {Irreversibility in the short memory approximation},
  Author                   = {Iliya V. Karlin and Larisa L. Tatarinova and Alexander N. Gorban and Hans Christian \"{O}ttinger},
  Journal                  = {Physica A: Statistical Mechanics and its Applications},
  Year                     = {2003},
  Number                   = {3-4},
  Pages                    = {399-424},
  Volume                   = {327}
}

@Article{Kaufman,
  Title                    = {Dissipative {H}amiltonian systems: A unifying principle},
  Author                   = {A.N. Kaufman},
  Journal                  = {Phys. Lett. A},
  Year                     = {1984},
  Pages                    = {419},
  Volume                   = {100}
}

@Article{Kirkwood2,
  Title                    = {The statistical mechanical theory of transport processes {II}. {T}ransport in gases},
  Author                   = {J. G. Kirkwood},
  Journal                  = {J. Chem. Phys.},
  Year                     = {1947},
  Pages                    = {72},
  Volume                   = {15}
}

@Article{Kirkwood1,
  Title                    = {The statistical mechanical theory of transport processes {I}. {G}eneral theory},
  Author                   = {J. G. Kirkwood},
  Journal                  = {J. Chem. Phys.},
  Year                     = {1946},
  Pages                    = {180},
  Volume                   = {14}
}

@Book{Kjelstrup,
  Title                    = {Non-Equilibrium Thermodynamics of Heterogeneous Systems},
  Author                   = {Kjelstrup, S. and Bedeaux, D.},
  Publisher                = {World Scientific},
  Year                     = {2008},
  Series                   = {Series on Advances in Statistical Mechanics},

  ISBN                     = {9789812779137},
  Lccn                     = {2008299321}
}

@Book{Kjelstrup-Engineers,
  Title                    = {Non-Equilibrium Thermodynamics for Engineers},
  Author                   = {Kjelstrup, S. and Bedeaux, D. and Johannessen, E.},
  Publisher                = {World Scientific},
  Year                     = {2010},
  Series                   = {Science and culture series (Singapore).: Physics},

  ISBN                     = {9789814322157}
}

@Article{Kjelstrup2005,
  Title                    = {Local and Total Entropy Production and Heat and Water
 Fluxes in a One-Dimensional Polymer Electrolyte Fuel Cell},
  Author                   = {Kjelstrup, Signe and Røsjorde, Audun},
  Journal                  = {The Journal of Physical Chemistry B},
  Year                     = {2005},
  Note                     = {PMID: 16852075},
  Number                   = {18},
  Pages                    = {9020-9033},
  Volume                   = {109},

  Doi                      = {10.1021/jp040608k}
}

@Article{Kleemann2009,
  Title                    = {Characterisation of mechanical behaviour and coupled
 electrical properties of polymer electrolyte membrane fuel
 cell gas diffusion layers},
  Author                   = {J. Kleemann and F. Finsterwalder and W. Tillmetz},
  Journal                  = {Journal of Power Sources},
  Year                     = {2009},
  Number                   = {1},
  Pages                    = {92 - 102},
  Volume                   = {190},

  Doi                      = {10.1016/j.jpowsour.2008.09.026},
  ISSN                     = {0378-7753}
}

@Article{Vasek-review,
  Title                    = {A guide through available mixture theories for
 applications},
  Author                   = {V. Klika},
  Journal                  = {Critical Reviews in Solid State and Material Science},
  Year                     = {2013},
  Note                     = {Accepted Manuscript}
}

@Article{VK2014-BZ,
  Title                    = {{Mechano-chemical coupling in Belousov-Zhabotinskii
 reactions}},
  Author                   = {Klika, Vaclav and Grmela, Miroslav},
  Journal                  = {{Journal of chemical physics}},
  Year                     = {{2014}},

  Month                    = {{MAR 28}},
  Number                   = {{12}},
  Volume                   = {{140}},

  Doi                      = {{10.1063/1.4869195}}
}

@Article{Klika2013-PRE,
  Title                    = {Coupling between chemical kinetics and mechanics that is
 both nonlinear and compatible with thermodynamics},
  Author                   = {Klika, V\'aclav and Grmela, Miroslav},
  Journal                  = {Phys. Rev. E},
  Year                     = {2013},

  Month                    = {Jan},
  Pages                    = {012141},
  Volume                   = {87},

  Doi                      = {10.1103/PhysRevE.87.012141},
  Issue                    = {1},
  Numpages                 = {9},
  Publisher                = {American Physical Society},
  Url                      = {http://link.aps.org/doi/10.1103/PhysRevE.87.012141}
}

@Article{FunCon,
  Title                    = {Functional constraints on phenomenological coefficients},
  Author                   = {Klika, V\'aclav and Pavelka, Michal and Benziger, Jay B.},
  Journal                  = {Phys. Rev. E},
  Year                     = {2017},
  Pages                    = {022125},
  Volume                   = {95},

  Issue                    = {2},
  Numpages                 = {7}
}

@Article{Klika10JPCB,
  Title                    = {Comparison of the effects of possible mechanical stimuli
 on the rate of biochemical reactions},
  Author                   = {Klika, V{\' a}clav},
  Journal                  = {The Journal of Physical Chemistry B},
  Year                     = {2010},
  Number                   = {32},
  Pages                    = {10567--10572},
  Volume                   = {114},

  Publisher                = {ACS Publications}
}

@Article{KlikaJPCB2009coupling,
  Title                    = {Coupling effect between mechanical loading and chemical
 reactions},
  Author                   = {Klika, V{\' a}clav and Mar{\v s}{\' i}k, Franti{\v s}ek},
  Journal                  = {The Journal of Physical Chemistry B},
  Year                     = {2009},
  Number                   = {44},
  Pages                    = {14689--14697},
  Volume                   = {113},

  Publisher                = {ACS Publications}
}

@Article{KlikaMarsik09JPCB,
  Title                    = {Coupling effect between mechanical loading and chemical
 reactions},
  Author                   = {Klika, V{\'a}clav and Mar{\v s}{\' i}k, Franti{\v s}ek},
  Journal                  = {The Journal of Physical Chemistry B},
  Year                     = {2009},
  Number                   = {44},
  Pages                    = {14689--14697},
  Volume                   = {113},

  Publisher                = {ACS Publications}
}

@Article{KnehrKumbur,
  Title                    = {{Open circuit voltage of vanadium redox flow batteries: Discrepancy
 between models and experiments}},
  Author                   = {Knehr, K. W. and Kumbur, E. C.},
  Journal                  = {{Electrochemistry Communications}},
  Year                     = {{2011}},

  Month                    = {{APR}},
  Number                   = {{4}},
  Pages                    = {{342-345}},
  Volume                   = {{13}},

  Doi                      = {{10.1016/j.elecom.2011.01.020}},
  ISSN                     = {{1388-2481}},
  Researcherid-numbers     = {{Kumbur, Emin /D-8666-2012}},
  Unique-id                = {{ISI:000289132800011}}
}

@Article{Kowalski98,
  Title                    = {Drying processes in context of the theory of fluid
 saturated porous materials},
  Author                   = {Kowalski, S J and Musielak, G and Rybicki, A},
  Journal                  = {Journal of Theoretical and applied mechanics},
  Year                     = {1998},
  Pages                    = {619-637},
  Volume                   = {36}
}

@Article{Kremer-Muller,
  Title                    = {Radiation thermodynamics},
  Author                   = {G. M. Kremer and I. M\"{u}ller},
  Journal                  = {J. Math. Phys.},
  Year                     = {1992},
  Pages                    = {2265},
  Volume                   = {33}
}

@Article{Krishna-Wesselingh,
  Title                    = {{Review article number 50 - The Maxwell-Stefan approach to mass transfer}},
  Author                   = {Krishna, R and Wesselingh, JA},
  Journal                  = {{CHEMICAL ENGINEERING SCIENCE}},
  Year                     = {{1997}},

  Month                    = {{MAR}},
  Number                   = {{6}},
  Pages                    = {{861-911}},
  Volume                   = {{52}},

  Doi                      = {{10.1016/S0009-2509(96)00458-7}},
  ISSN                     = {{0009-2509}},
  Orcid-numbers            = {{Krishna, Rajamani/0000-0002-4784-8530}},
  Researcherid-numbers     = {{Krishna, Rajamani/A-1098-2012}},
  Unique-id                = {{ISI:A1997WK65800002}}
}

@Article{kroeger2010,
  Title                    = {Automated symbolic calculations in nonequilibrium thermodynamics},
  Author                   = {M. Kroeger and M. Huetter},
  Journal                  = {Comput. Phys. Commun.},
  Year                     = {2010},
  Pages                    = {2149-2157},
  Volume                   = {181}
}

@Article{Kulikovsky-2010,
  Title                    = {A simple equation for temperature gradient in a planar
 SOFC stack},
  Author                   = {A.A. Kulikovsky},
  Journal                  = {International Journal of Hydrogen Energy},
  Year                     = {2010},
  Number                   = {1},
  Pages                    = {308 - 312},
  Volume                   = {35},

  Doi                      = {10.1016/j.ijhydene.2009.10.066},
  ISSN                     = {0360-3199},
  Keywords                 = {Modeling}
}

@Book{Kulikovsky-AM,
  Title                    = {Analytical modelling of fuel cells},
  Author                   = {A.A. Kulikovsky},
  Publisher                = {Elsevier},
  Year                     = {2010},
  Edition                  = {1st ed.}
}

@Article{Landau-damping,
  Title                    = {On the vibrations of the electronic plasma},
  Author                   = {Landau, L},
  Journal                  = {Zhurnal eksperimentalnoi i teoreticheskoi fiziki},
  Year                     = {1946},
  Number                   = {7},
  Pages                    = {574-586},
  Volume                   = {16}
}

@Book{Landau8,
  Title                    = {Electrodynamics of Continuous Media},
  Author                   = {Landau, L.D. and Bell, J.S. and Kearsley, J. and
 Pitaevskii, L.P. and Lifshitz, E.M. and Sykes, J.B.},
  Publisher                = {Elsevier Science},
  Year                     = {1984},
  Series                   = {COURSE OF THEORETICAL PHYSICS},

  ISBN                     = {9781483293752},
  Url                      = {http://books.google.cz/books?id=jedbAwAAQBAJ}
}

@Book{Landau5,
  Title                    = {Statistical physics},
  Author                   = {Landau, L.D. and Lifschitz, E.M.},
  Publisher                = {Pergamon Press},
  Year                     = {1969},
  Number                   = {pt. 1},
  Series                   = {Course of theoretical physics},

  Lccn                     = {68018526}
}

@Book{Landau3,
  Title                    = {Quantum Mechanics: Non-relativistic Theory},
  Author                   = {Landau, L.D. and Lifshitz, E.M.},
  Publisher                = {Butterworth-Heinemann},
  Year                     = {1977},
  Series                   = {Butterworth Heinemann},

  ISBN                     = {9780750635394}
}

@Book{Landau1,
  Title                    = {Mechanics},
  Author                   = {Landau, L.D. and Lifshitz, E.M.},
  Publisher                = {Butterworth-Heinemann},
  Year                     = {1976},
  Series                   = {Butterworth-Heinemann},

  ISBN                     = {9780750628969},
  Lccn                     = {76018997}
}

@Book{Landau9,
  Title                    = {Statistical Physics},
  Author                   = {Landau, L.D. and Lifshitz, E.M. and Pitaevskii, L.P.},
  Publisher                = {Butterworth-Heinemann},
  Year                     = {1980},
  Number                   = {pt. 2},
  Series                   = {Course of theoretical physics},

  ISBN                     = {9780750626361},
  Lccn                     = {78041328}
}

@Book{Landau2,
  Title                    = {The Classical Theory of Fields},
  Author                   = {Landau, L.D. and Lifshitz, E. M.},
  Publisher                = {Butterworth Heinemann},
  Year                     = {1975},
  Number                   = {v. 2},
  Series                   = {Course of theoretical physics},

  ISBN                     = {9780750627689}
}

@Book{Larminie-Dicks,
  Title                    = {Fuel Cell Systems Explained},
  Author                   = {Larminie, J. and Dicks, A.},
  Publisher                = {Wiley},
  Year                     = {2003},

  ISBN                     = {9780768012590},
  Lccn                     = {2002192419}
}

@Article{Lebon2006,
  Title                    = {A Unified Extended Thermodynamic Description of Diffusion,
 Thermo-Diffusion, Suspensions, and Porous Media},
  Author                   = {G. Lebon and T. Desaive and P. Dauby},
  Journal                  = {Journal of Applied Mechanics},
  Year                     = {2006},
  Number                   = {1},
  Pages                    = {16--20},
  Volume                   = {73},

  Doi                      = {10.1115/1.2131087},
  ISSN                     = {00218936}
}

@Article{Grmela-thermodiffusion1,
  Title                    = {A Comparative Study of the Coupling of Flow with
 Non-Fickean Thermodiffusion. Part I: Extended Irreversible
 Thermodynamics.},
  Author                   = {Lebon, G. and Grmela, M. and Lhuillier, D.},
  Journal                  = {Journal of Non-Equilibrium Thermodynamics},
  Year                     = {2003},
  Number                   = {1},
  Pages                    = {1 - 22},
  Volume                   = {28},

  ISSN                     = {03400204},
  Keywords                 = {FLUIDS, DIFFUSION, NONEQUILIBRIUM thermodynamics,
 THERMODYNAMICS, DYNAMICS},
  Url                      = {http://search.ebscohost.com/login.aspx?direct=true&db=a9h&AN=11359109&site=ehost-live}
}

@Book{Lebon-Understanding,
  Title                    = {Understanding Non-Equilibrium Thermodynamics: Foundations,
 Applications, Frontiers},
  Author                   = {Lebon, G. and Jou, D. and V{\'a}zquez, J.C.},
  Publisher                = {Springer London, Limited},
  Year                     = {2008},
  Series                   = {SpringerLink: Springer e-Books},

  ISBN                     = {9783540742524},
  Lccn                     = {2007935452}
}

@Article{Lee1998,
  Title                    = {Shear rate dependence of thermal conductivity and
 its effect on heat transfer in a {N}on-{N}ewtonian
 flow system},
  Author                   = {Lee, Dong-Ryul},
  Journal                  = {Korean Journal of Chemical Engineering},
  Year                     = {1998},
  Number                   = {3},
  Pages                    = {252--261},
  Volume                   = {15},

  Doi                      = {10.1007/BF02707080},
  ISSN                     = {1975-7220},
  Url                      = {http://dx.doi.org/10.1007/BF02707080}
}

@Book{Leimkuhler,
  Title                    = {Simulating Hamiltonian Dynamics},
  Author                   = {Leimkuhler, Benedict and Reich, Sebastian},
  Publisher                = {Cambridge University Press},
  Year                     = {2005},
  Series                   = {Cambridge Monographs on Applied and Computational Mathematics},

  Collection               = {Cambridge Monographs on Applied and Computational Mathematics},
  Doi                      = {10.1017/CBO9780511614118},
  Place                    = {Cambridge}
}

@Article{Loeb1975,
  Title                    = {{Osmotic power-plants}},
  Author                   = {Leob, S},
  Journal                  = {{Science}},
  Year                     = {{1975}},
  Number                   = {{4203}},
  Pages                    = {{654-655}},
  Volume                   = {{189}},

  Doi                      = {{10.1126/science.189.4203.654}},
  ISSN                     = {{0036-8075}},
  Unique-id                = {{ISI:A1975AM03700031}}
}

@Article{Grmela-thermodiffusion3,
  Title                    = {A Comparative Study of the Coupling of Flow with
 Non-Fickean Thermodiffusion. Part III: Internal
 Variables.},
  Author                   = {Lhuillier, D. and Grmela, M. and Lebon, G.},
  Journal                  = {Journal of Non-Equilibrium Thermodynamics},
  Year                     = {2003},
  Number                   = {1},
  Pages                    = {51 - 68},
  Volume                   = {28},

  ISSN                     = {03400204},
  Keywords                 = {FLUIDS, SUPERFLUIDITY, NONEQUILIBRIUM thermodynamics,
 IRREVERSIBLE processes (Thermodynamics), THERMODYNAMICS},
  Url                      = {http://search.ebscohost.com/login.aspx?direct=true&db=a9h&AN=11359114&site=ehost-live}
}

@Article{Li14,
  Title                    = {Exergy analysis and the energy saving mechanism for coal
 to synthetic/substitute natural gas and power cogeneration
 system without and with \{CO2\} capture },
  Author                   = {Sheng Li and Hongguang Jin and Lin Gao and Xiaosong Zhang},
  Journal                  = {Applied Energy },
  Year                     = {2014},
  Number                   = {0},
  Pages                    = {552 - 561},
  Volume                   = {130},

  Doi                      = {http://dx.doi.org/10.1016/j.apenergy.2014.03.036},
  ISSN                     = {0306-2619},
  Keywords                 = {Energy saving mechanism },
  Url                      = {http://www.sciencedirect.com/science/article/pii/S0306261914002670}
}

@InCollection{Li2007,
  Title                    = {Chapter One Thermodynamic Performance of Fuel Cells and
 Comparison with Heat Engines},
  Author                   = {Xianguo Li},
  Publisher                = {Elsevier Science},
  Year                     = {2007},
  Editor                   = {T.S. Zhao, K.-D. Kreuer and Trung Van Nguyen},
  Pages                    = {1 - 46},
  Series                   = {Advances in Fuel Cells},
  Volume                   = {1},

  Doi                      = {10.1016/S1752-301X(07)80006-8},
  ISSN                     = {1752-301X}
}

@Article{Li2012,
  Title                    = {Thermodynamic analysis of polymer-electrolyte-membrane
 fuel-cell performance under varying cooling conditions},
  Author                   = {Yun-Ze Li},
  Journal                  = {International Journal of Hydrogen Energy},
  Year                     = {2012},
  Number                   = {14},
  Pages                    = {10798 - 10806},
  Volume                   = {37},

  Doi                      = {10.1016/j.ijhydene.2012.04.037},
  ISSN                     = {0360-3199},
  Keywords                 = {Exergy}
}

@InProceedings{lieb2013entropy,
  Title                    = {The entropy concept for non-equilibrium states},
  Author                   = {Lieb, Elliott H and Yngvason, Jakob},
  Booktitle                = {Proc. R. Soc. A},
  Year                     = {2013},
  Number                   = {2158},
  Organization             = {The Royal Society},
  Pages                    = {20130408},
  Volume                   = {469}
}

@Article{Litster2004,
  Title                    = {PEM fuel cell electrodes},
  Author                   = {S. Litster and G. McLean},
  Journal                  = {Journal of Power Sources},
  Year                     = {2004},
  Number                   = {1-2},
  Pages                    = {61 - 76},
  Volume                   = {130},

  Doi                      = {10.1016/j.jpowsour.2003.12.055},
  ISSN                     = {0378-7753}
}

@Article{Liu1972,
  Title                    = {Method of Lagrange multipliers for exploitation of the
 entropy principle},
  Author                   = {Liu, I-Shih},
  Journal                  = {Archive for Rational Mechanics and Analysis},
  Year                     = {1972},
  Number                   = {2},
  Pages                    = {131-148},
  Volume                   = {46},

  Doi                      = {10.1007/BF00250688},
  ISSN                     = {0003-9527},
  Language                 = {English},
  Publisher                = {Springer-Verlag},
  Url                      = {http://dx.doi.org/10.1007/BF00250688}
}

@Article{Liu2008,
  Title                    = {The {O}nsager Symmetry Relation and the Time Inversion
 Invariance of the Entropy Production},
  Author                   = {Liu, M.},
  Journal                  = {eprint arXiv:cond-mat/9806318},
  Year                     = {2008},

  Keywords                 = {Condensed Matter - Statistical Mechanics, Condensed Matter
 - Soft Condensed Matter}
}

@Article{Liu1998,
  Title                    = {The Onsager Symmetry Relation and the Time Inversion
 Invariance of the Entropy Production},
  Author                   = {Liu, M.},
  Journal                  = {eprint arXiv:cond-mat/9806318},
  Year                     = {1998},

  Keywords                 = {Condensed Matter - Statistical Mechanics, Condensed Matter
 - Soft Condensed Matter}
}

@Article{Liu2005,
  Title                    = {Modeling of diffusion through nanocomposite membranes},
  Author                   = {Quan Liu and D. De Kee},
  Journal                  = {Journal of Non-Newtonian Fluid Mechanics},
  Year                     = {2005},
  Number                   = {1-3},
  Pages                    = {32 - 43},
  Volume                   = {131},

  Doi                      = {10.1016/j.jnnfm.2005.08.006},
  ISSN                     = {0377-0257}
}

@Article{Liu2005swelling,
  Title                    = {Mass transport through swelling membranes },
  Author                   = {Quan Liu and Xuefeng Wang and Daniel De Kee},
  Journal                  = {International Journal of Engineering Science },
  Year                     = {2005},
  Number                   = {19–20},
  Pages                    = {1464 - 1470},
  Volume                   = {43},

  Doi                      = {http://dx.doi.org/10.1016/j.ijengsci.2005.05.010},
  ISSN                     = {0020-7225},
  Url                      = {http://www.sciencedirect.com/science/article/pii/S0020722505001321}
}

@Book{fenics,
  Title                    = {Automated Solution of Differential Equations by the Finite
 Element Method},
  Author                   = {Anders Logg and Kent-Andre Mardal and Garth N. Wells and
 others},
  Publisher                = {Springer},
  Year                     = {2012},

  Doi                      = {10.1007/978-3-642-23099-8},
  ISBN                     = {978-3-642-23098-1}
}

@Article{LuWein90,
  Title                    = {Poisson {L}ie groups, dressing transformations, and {B}ruhat decompositions},
  Author                   = {Lu, J.-H. and Weinstein, A.},
  Journal                  = {J. Differential Geom.},
  Year                     = {1990},
  Number                   = {2},
  Pages                    = {501--526},
  Volume                   = {31},

  Bdsk-url-1               = {http://projecteuclid.org/euclid.jdg/1214444324},
  Coden                    = {JDGEAS},
  Fjournal                 = {Journal of Differential Geometry},
  ISSN                     = {0022-040X},
  Mrclass                  = {22E10 (17B35 17B65 58F05 58F07)},
  Mrreviewer               = {Ya. S. So{\u\i}bel{\cprime}man},
  Url                      = {http://projecteuclid.org/euclid.jdg/1214444324}
}

@Article{Miroslav-incompressible,
  Title                    = {Hamiltonian Dynamics of Incompressible Elastic Fluids},
  Author                   = {M.Grmela},
  Journal                  = {Phys. Letters A},
  Year                     = {1988},
  Pages                    = {81-86},
  Volume                   = {130}
}

@InCollection{Malek-B,
  Title                    = {{Derivation of equations for continuum mechanics and thermodynamics of fluids}},
  Author                   = {M{\'{a}}lek, J and Pru{\v{s}}a, V},
  Booktitle                = {Handbook of Mathematical Analysis in Mechanics of Viscous Fluids},
  Publisher                = {Springer},
  Year                     = {2017},
  Editor                   = {Giga, Y and Novotn{\'{y}}, A},
  Pages                    = {1--70},

  Doi                      = {10.1007/978-3-319-10151-4_1-1}
}

@Book{Muller-Thermodynamics,
  Title                    = {Thermodynamics},
  Author                   = {M{\"u}ller, I.},
  Publisher                = {Pitman},
  Year                     = {1985},
  Series                   = {Interaction of Mechanics and Mathematics Series},

  ISBN                     = {9780273085775},
  Lccn                     = {lc84004999}
}

@Book{Muller-Ruggeri,
  Title                    = {Rational extended thermodynamics},
  Author                   = {M{\"u}ller, I. and Ruggeri, T.},
  Publisher                = {Springer},
  Year                     = {1998},
  Series                   = {Springer tracts in natural philosophy},

  ISBN                     = {9780387983738},
  Lccn                     = {97031936}
}

@Article{PepaRajaKarel,
  Title                    = {On the variant of the {M}axwell and {O}ldroyd-{B} models with the context of a thermodynamic basis},
  Author                   = {J. M\'{a}lek and K.R. Rajagopal and K. T\ukr{u}ma},
  Journal                  = {Int. J. Non-Linear Mech.},
  Year                     = {2015},
  Pages                    = {42-47},
  Volume                   = {76}
}

@InCollection{malek.j.prusa.v:derivation,
  Title                    = {Derivation of equations for continuum mechanics and
 thermodynamics of fluids},
  Author                   = {M\'alek, J. and Pr\ukr{u}\v{s}a, V.},
  Booktitle                = {Handbook of Mathematical Analysis in Mechanics of Viscus
 Fluids},
  Publisher                = {Springer},
  Year                     = {2016},
  Editor                   = {Giga, Y. and Novotn\'y, A.},
  Note                     = {Submitted.}
}

@Article{Karel1,
  Title                    = {A thermodynamically compatible model for describing the response of asphalt binders},
  Author                   = {M\'alek, J. and Rajagopal, K. R. and T\ukr{u}ma, K.},
  Journal                  = {Int. J. Pavement Eng.},
  Year                     = {2015},
  Number                   = {4},
  Pages                    = {297--314},
  Volume                   = {16}
}

@Article{Netocny2002,
  Title                    = {Time-Reversal and Entropy},
  Author                   = {Maes, C. and Netočný, K.},
  Journal                  = {eprint arXiv:cond-mat/0202501},
  Year                     = {2002},

  Keywords                 = {Statistical Mechanics}
}

@Article{Maginn1993,
  Title                    = {{Transport Diffusivity of Methane in Silicalite from Equilibrium and
 Nonequilibrium Simulations}},
  Author                   = {Maginn, EJ and Bell, AT and Theodorou, DN},
  Journal                  = {{Journal of Physical Chemistry}},
  Year                     = {{1993}},

  Month                    = {{APR 22}},
  Number                   = {{16}},
  Pages                    = {{4173-4181}},
  Volume                   = {{97}},

  Doi                      = {{10.1021/j100118a038}},
  ISSN                     = {{0022-3654}},
  Unique-id                = {{ISI:A1993KY46600039}}
}

@Book{Majid-book,
  Title                    = {Foundations of quantum group theory},
  Author                   = {Majid, S.},
  Publisher                = {Cambridge University Press},
  Year                     = {1995},

  Address                  = {Cambridge},

  Bdsk-url-1               = {http://dx.doi.org/10.1017/CBO9780511613104},
  Doi                      = {10.1017/CBO9780511613104},
  ISBN                     = {0-521-46032-8},
  Mrclass                  = {17B37 (18D99 81R50)},
  Mrreviewer               = {Dmitri{\u\i} I. Gurevich},
  Pages                    = {x+607},
  Url                      = {http://dx.doi.org/10.1017/CBO9780511613104}
}

@Article{Maji90,
  Title                    = {Physics for algebraists: noncommutative and noncocommutative {H}opf algebras by a bicrossproduct construction},
  Author                   = {Majid, S.},
  Journal                  = {J. Algebra},
  Year                     = {1990},
  Number                   = {1},
  Pages                    = {17--64},
  Volume                   = {130},

  Bdsk-url-1               = {http://dx.doi.org/10.1016/0021-8693(90)90099-A},
  Coden                    = {JALGA4},
  Doi                      = {10.1016/0021-8693(90)90099-A},
  Fjournal                 = {Journal of Algebra},
  ISSN                     = {0021-8693},
  Mrclass                  = {16W30 (81R50)},
  Url                      = {http://dx.doi.org/10.1016/0021-8693(90)90099-A}
}

@Article{Maji90-II,
  Title                    = {Matched pairs of {L}ie groups associated to solutions of the {Y}ang-{B}axter equations},
  Author                   = {Majid, S.},
  Journal                  = {Pacific J. Math.},
  Year                     = {1990},
  Number                   = {2},
  Pages                    = {311--332},
  Volume                   = {141},

  Bdsk-url-1               = {http://projecteuclid.org/getRecord?id=euclid.pjm/1102646609},
  Coden                    = {PJMAAI},
  Fjournal                 = {Pacific Journal of Mathematics},
  ISSN                     = {0030-8730},
  Mrclass                  = {17B05 (17B37 57S25 58F05)},
  Mrreviewer               = {Ya. S. So{\u\i}bel{\cprime}man},
  Url                      = {http://projecteuclid.org/getRecord?id=euclid.pjm/1102646609}
}

@PhdThesis{Majsztrik2008,
  Title                    = {Mechanical and Transport Properties in
 Nafion\textsuperscript{\textregistered} for PEM Fuel Cells;
 Temperature and Hydration Effects},
  Author                   = {Majsztrik, P. W.},
  Year                     = {2008},

  Organization             = {Princeton University}
}

@Article{Malek2008,
  Title                    = {A thermodynamic framework for a mixture of two liquids},
  Author                   = {J. Málek and K.R. Rajagopal},
  Journal                  = {Nonlinear Analysis: Real World Applications},
  Year                     = {2008},
  Number                   = {4},
  Pages                    = {1649 - 1660},
  Volume                   = {9},

  Doi                      = {10.1016/j.nonrwa.2007.04.008},
  ISSN                     = {1468-1218}
}

@Book{FrMr,
  Title                    = {Termodynamika kontinua},
  Author                   = {Franti{\v s}ek Mar{\v s}{\' i}k},
  Publisher                = {Academia, Prague},
  Year                     = {1999}
}

@Article{Marsden-Ratiu-Weinstein,
  Title                    = {{Semidirect products and reduction in mechanics}},
  Author                   = {Marsden, J and Ratiu, T and Weinstein, A},
  Journal                  = {{Transactions of the american mathematical society}},
  Year                     = {{1984}},
  Number                   = {{1}},
  Pages                    = {{147-177}},
  Volume                   = {{281}},

  Doi                      = {{10.2307/1999527}},
  ISSN                     = {{0002-9947}},
  Unique-id                = {{ISI:A1984RZ82500007}}
}

@Article{MarsdenWeinstein,
  Title                    = {{Coadjoint orbits, vortices, and clebsch variables for
 incompressible fluids}},
  Author                   = {Marsden, J and Weinstein, A},
  Journal                  = {{PHYSICA D}},
  Year                     = {{1983}},
  Number                   = {{1-3}},
  Pages                    = {{305-323}},
  Volume                   = {{7}},

  Doi                      = {{10.1016/0167-2789(83)90134-3}},
  ISSN                     = {{0167-2789}},
  Unique-id                = {{ISI:A1983RH39400025}}
}

@Article{Marsden-Weinstein-Vlasov,
  Title                    = {The {H}amiltonian-Structure of the {M}axwell-{V}lasov Equations},
  Author                   = {Marsden, J and Weinstein, A},
  Journal                  = {Physica D},
  Year                     = {1982},
  Number                   = {3},
  Pages                    = {394-406},
  Volume                   = {4},

  Doi                      = {10.1016/0167-2789(82)90043-4},
  ISSN                     = {0167-2789}
}

@Article{marsden1974reduction,
  Title                    = {Reduction of symplectic manifolds with symmetry},
  Author                   = {Marsden, Jerrold and Weinstein, Alan},
  Journal                  = {Reports on mathematical physics},
  Year                     = {1974},
  Number                   = {1},
  Pages                    = {121--130},
  Volume                   = {5},

  Publisher                = {Elsevier}
}

@Article{marsden1998symplectic,
  Title                    = {Symplectic reduction for semidirect products and central extensions},
  Author                   = {Marsden, Jerrold E and Misio{\l}ek, Gerard and Perlmutter, Matthew and Ratiu, Tudor S},
  Journal                  = {Differential Geometry and its Applications},
  Year                     = {1998},
  Number                   = {1},
  Pages                    = {173--212},
  Volume                   = {9},

  Publisher                = {Elsevier}
}

@Book{marsden2007hamiltonian,
  Title                    = {Hamiltonian reduction by stages},
  Author                   = {Marsden, Jerrold E and Misiolek, Gerard and Ortega, Juan-Pablo and Perlmutter, Matthew and Ratiu, Tudor S},
  Year                     = {2007}
}

@Article{marsden1984semidirect,
  Title                    = {Semidirect products and reduction in mechanics},
  Author                   = {Marsden, Jerrold E and Ra{\c{t}}iu, Tudor and Weinstein, Alan},
  Journal                  = {Transactions of the American Mathematical Society},
  Year                     = {1984},
  Number                   = {1},
  Pages                    = {147--177},
  Volume                   = {281}
}

@Article{marsden1984reduction,
  Title                    = {Reduction and Hamiltonian structures on duals of semidirect product Lie algebras},
  Author                   = {Marsden, Jerrold E and Ratiu, Tudor S and Weinstein, Alan},
  Journal                  = {Cont. Math. AMS},
  Year                     = {1984},
  Pages                    = {55--100},
  Volume                   = {28}
}

@Article{MaWe,
  Title                    = {{Coadjoint orbits, vortices and Clebsch variables for incompressible fluids}},
  Author                   = {Marsden, J E and Weinstein, A},
  Journal                  = {Physica D},
  Year                     = {1983},
  Pages                    = {305--323},
  Volume                   = {7}
}

@Article{Marsden1982,
  Title                    = {The {H}amiltonian structure of the {M}axwell-{V}lasov equations},
  Author                   = {J. E. Marsden and A. Weinstein},
  Journal                  = {Physica D},
  Year                     = {1982},
  Pages                    = {394-406}
}

@Article{Marsden1982a,
  Title                    = {The {H}amiltonian structure of the {M}axwell-{V}lasov equations},
  Author                   = {J. E. Marsden and A. Weinstein},
  Journal                  = {Physica D},
  Year                     = {1982},
  Pages                    = {394-406}
}

@Article{Mart,
  Title                    = {Aristotelian and Modern Physics},
  Author                   = {Martinas, K. and Ropolyi, L.},
  Journal                  = {International Studies in the Philosophy of Science},
  Year                     = {1987},
  Pages                    = {1-9},
  Volume                   = {2}
}

@Article{martyushev.lm.seleznev.vd:maximum,
  Title                    = {Maximum entropy production principle in physics, chemistry
 and biology},
  Author                   = {Martyushev, L. M. and Seleznev, V. D.},
  Journal                  = {Physics Reports},
  Year                     = {2006},
  Number                   = {1},
  Pages                    = {1--45},
  Volume                   = {426},

  Doi                      = {10.1016/j.physrep.2005.12.001},
  ISSN                     = {0370-1573}
}

@Book{Mason,
  Title                    = {Gas transport in porous media: the dusty-gas model},
  Author                   = {Mason, E.A. and Malinauskas, A.P.},
  Publisher                = {Elsevier},
  Year                     = {1983},
  Number                   = {v. 17},
  Series                   = {Chemical engineering monographs},

  ISBN                     = {9780444412959},
  Lccn                     = {83005588}
}

@Article{Massoudi2006,
  Title                    = {Boundary conditions in mixture theory and in CFD
 applications of higher order models},
  Author                   = {Massoudi, M.},
  Journal                  = {Computers and Mathematics with Applications},
  Year                     = {2007},
  Pages                    = {156-167},
  Volume                   = {53}
}

@Book{mauri-NET,
  Title                    = {Non-Equilibrium Thermodynamics in Multiphase Flows},
  Author                   = {Mauri, R.},
  Publisher                = {Springer Netherlands},
  Year                     = {2012},
  Series                   = {Soft and Biological Matter}
}

@Article{Mauritz-Moore2004,
  Title                    = {State of Understanding of Nafion},
  Author                   = {Mauritz, Kenneth A. and Moore, Robert B.},
  Journal                  = {Chemical Reviews},
  Year                     = {2004},
  Number                   = {10},
  Pages                    = {4535-4586},
  Volume                   = {104},

  Doi                      = {10.1021/cr0207123}
}

@Article{MayRup,
  Title                    = {Thermodynamic curvature for attractive and repulsive intermolecular forces},
  Author                   = {May, H. O. and Mausbach, P. and Ruppeiner, G.},
  Journal                  = {Phys. Rev. E},
  Year                     = {2013},
  Number                   = {032123},
  Volume                   = {88}
}

@Article{MedvedevShapiro03,
  Title                    = {Verifying reciprocal relations for experimental diffusion
 coefficients in multicomponent mixtures},
  Author                   = {Medvedev, Oleg O and Shapiro, Alexander A},
  Journal                  = {Fluid phase equilibria},
  Year                     = {2003},
  Number                   = {1},
  Pages                    = {291--301},
  Volume                   = {208},

  Publisher                = {Elsevier}
}

@Article{Meixner1973,
  Title                    = {{Consistency of {O}nsager-{C}asimir reciprocal
 relations}},
  Author                   = {Meixner, J},
  Journal                  = {{Advances in molecular relaxation processes}},
  Year                     = {{1973}},
  Number                   = {{4}},
  Pages                    = {{319-331}},
  Volume                   = {{5}},

  Doi                      = {{10.1016/0001-8716(73)80004-5}},
  ISSN                     = {{0001-8716}},
  Unique-id                = {{ISI:A1973R743600004}}
}

@Article{Meixner1943,
  Title                    = {Zur {T}hermodynamik der Irreversiblen {P}rozesse in
 {G}asen mit chemisch reagierenden, dissoziierenden und
 anregbaren {K}omponenten},
  Author                   = {Meixner, Josef},
  Journal                  = {Annalen der Physik},
  Year                     = {1943},
  Number                   = {5},
  Pages                    = {244--270},
  Volume                   = {43},

  Publisher                = {Wiley Online Library}
}

@Book{Meixner,
  Title                    = {Thermodynamik der Irreversible Prozesse, in Handbuch der
 Physik},
  Author                   = {Meixner, J. and Reik, H.G.},
  Publisher                = {Springer, Berlin Heidelberg New York},
  Year                     = {1959},
  Volume                   = {3/II}
}

@Article{Mert2012,
  Title                    = {Performance investigation of a transportation PEM fuel
 cell system},
  Author                   = {S.O. Mert and I. Dincer and Z. Ozcelik},
  Journal                  = {International Journal of Hydrogen Energy},
  Year                     = {2012},
  Note                     = {11th China Hydrogen Energy Conference},
  Number                   = {1},
  Pages                    = {623 - 633},
  Volume                   = {37},

  Doi                      = {10.1016/j.ijhydene.2011.09.021},
  ISSN                     = {0360-3199},
  Keywords                 = {Performance}
}

@Article{meyer1973symmetries,
  Title                    = {Symmetries and integrals in mechanics},
  Author                   = {Meyer, Kenneth R},
  Journal                  = {Dynamical systems},
  Year                     = {1973},
  Pages                    = {259--273}
}

@Article{Mielke2,
  Title                    = {Thermomechanical modeling of energy-reaction-diffusion systems, including bulk-interface interactions},
  Author                   = {Mielke, A.},
  Journal                  = {Disc. Cont. Dynamical Systems Series S},
  Year                     = {2013},
  Pages                    = {479-499},
  Volume                   = {6}
}

@Article{Mielke,
  Title                    = {A gradient structure for reaction-diffusion systems and for energy-drift-diffusion systems},
  Author                   = {Mielke, A.},
  Journal                  = {Nonlinearity},
  Year                     = {2011},
  Pages                    = {1329-1346},
  Volume                   = {24}
}

@Article{Mielke-Peletier,
  Title                    = {A Generalization of {O}nsager’s Reciprocity Relations to Gradient Flows with Nonlinear Mobility},
  Author                   = {Mielke, A. and Renger, D. R. M. and Peletier, M. A.},
  Journal                  = {Journal of Non-equilibrium Thermodynamics},
  Year                     = {2016},
  Number                   = {2},
  Volume                   = {41}
}

@Article{Mihai2017,
  Title                    = {How to characterize a nonlinear elastic material? A review on nonlinear constitutive parameters in isotropic finite elasticity},
  Author                   = {Mihai, L. Angela and Goriely, Alain},
  Journal                  = {Proceedings of the Royal Society of London A: Mathematical, Physical and Engineering Sciences},
  Year                     = {2017},
  Number                   = {2207},
  Volume                   = {473},

  Doi                      = {10.1098/rspa.2017.0607},
  Eprint                   = {http://rspa.royalsocietypublishing.org/content/473/2207/20170607.full.pdf},
  ISSN                     = {1364-5021},
  Publisher                = {The Royal Society},
  Url                      = {http://rspa.royalsocietypublishing.org/content/473/2207/20170607}
}

@Book{Mihalas,
  Title                    = {Foundations of Radiation Hydrodynamics},
  Author                   = {D. Mihalas and M. B. Weibel},
  Publisher                = {Oxford UP., New York},
  Year                     = {1984}
}

@Article{mikyska2011new,
  Title                    = {A new thermodynamic function for phase-splitting at constant temperature, moles, and volume},
  Author                   = {Miky{\v{s}}ka, Ji{\v{r}}{\'\i} and Firoozabadi, Abbas},
  Journal                  = {AIChE Journal},
  Year                     = {2011},
  Number                   = {7},
  Pages                    = {1897--1904},
  Volume                   = {57},

  Publisher                = {Wiley Online Library}
}

@Article{Monroe2008,
  Author                   = {Monroe, C. W. and Romero, T. and Merida, W. and Eikerling,
 M.},
  Journal                  = {J. Membr. Sci.},
  Year                     = {2008},
  Number                   = {1},
  Volume                   = {324}
}

@Article{Morrison-brackets,
  Title                    = {Bracket formulation for irreversible classical fields},
  Author                   = {P.J. Morrison},
  Journal                  = {Phys. Lett. A},
  Year                     = {1984},
  Pages                    = {423},
  Volume                   = {100}
}

@Article{morrison1980maxwell,
  Title                    = {The Maxwell-Vlasov equations as a continuous Hamiltonian system},
  Author                   = {Morrison, Philip J},
  Journal                  = {Physics Letters A},
  Year                     = {1980},
  Number                   = {5},
  Pages                    = {383--386},
  Volume                   = {80},

  Publisher                = {Elsevier}
}

@Article{Morrison-Greene-erratum,
  Title                    = {Noncanonical Hamiltonian Density Formulation of Hydrodynamics and Ideal Magnetohydrodynamics.},
  Author                   = {Morrison, Philip J. and Greene, John M.},
  Journal                  = {Phys. Rev. Lett.},
  Year                     = {1982},

  Month                    = {Feb},
  Pages                    = {569--569},
  Volume                   = {48},

  Doi                      = {10.1103/PhysRevLett.48.569},
  Issue                    = {8},
  Numpages                 = {0},
  Publisher                = {American Physical Society},
  Url                      = {http://link.aps.org/doi/10.1103/PhysRevLett.48.569}
}

@Article{Morrison1980,
  Title                    = {Noncanonical Hamiltonian Density Formulation of Hydrodynamics and Ideal Magnetohydrodynamics},
  Author                   = {Morrison, Philip J. and Greene, John M.},
  Journal                  = {Phys. Rev. Lett.},
  Year                     = {1980},

  Month                    = {Sep},
  Pages                    = {790--794},
  Volume                   = {45},

  Doi                      = {10.1103/PhysRevLett.45.790},
  Issue                    = {10},
  Numpages                 = {0},
  Publisher                = {American Physical Society},
  Url                      = {http://link.aps.org/doi/10.1103/PhysRevLett.45.790}
}

@Article{Morrison-Greene1980,
  Title                    = {Noncanonical Hamiltonian Density Formulation of Hydrodynamics and Ideal Magnetohydrodynamics},
  Author                   = {Morrison, Philip J. and Greene, John M.},
  Journal                  = {Phys. Rev. Lett.},
  Year                     = {1980},

  Month                    = {Sep},
  Pages                    = {790--794},
  Volume                   = {45},

  Doi                      = {10.1103/PhysRevLett.45.790},
  Issue                    = {10},
  Numpages                 = {0},
  Publisher                = {American Physical Society},
  Url                      = {http://link.aps.org/doi/10.1103/PhysRevLett.45.790}
}

@Article{Mouhot2011,
  Title                    = {On {L}andau damping},
  Author                   = {Mouhot, Cl{\'e}ment and Villani, C{\'e}dric},
  Journal                  = {Acta Mathematica},
  Year                     = {2011},
  Number                   = {1},
  Pages                    = {29--201},
  Volume                   = {207},

  Doi                      = {10.1007/s11511-011-0068-9}
}

@Article{Mrugala,
  Title                    = {Statistical approach to the geometric structure of thermodynamics},
  Author                   = {Mrugala, R. and Nulton, J.D. and Schoen, J.C. and Salamon, P.},
  Journal                  = {Phys. Rev. A},
  Year                     = {1990},
  Pages                    = {3156-3160},
  Volume                   = {41}
}

@Article{Muschik98,
  Title                    = {A Phenomenological Foundation of Non-Linear
 {OC}-Reciprocal Relations (Irreversible Thermodynamics
 Approach)},
  Author                   = {Muschik, Wolfgang},
  Journal                  = {Periodica polytechnica. Chemical engineering},
  Year                     = {1998},
  Number                   = {2},
  Pages                    = {85--96},
  Volume                   = {42}
}

@Article{Naterer-2006,
  Title                    = {Fuel cell entropy production with ohmic heating and
 diffusive polarization},
  Author                   = {G.F. Naterer and C.D. Tokarz and J. Avsec},
  Journal                  = {International Journal of Heat and Mass Transfer},
  Year                     = {2006},
  Number                   = {15--16},
  Pages                    = {2673 - 2683},
  Volume                   = {49},

  Doi                      = {10.1016/j.ijheatmasstransfer.2006.01.009},
  ISSN                     = {0017-9310},
  Keywords                 = {Ohmic heating}
}

@Book{Newman,
  Title                    = {Electrochemical Systems},
  Author                   = {Newman, J. and Thomas-Alyea, K.E.},
  Publisher                = {Wiley},
  Year                     = {2004},
  Series                   = {Electrochemical Society series},

  ISBN                     = {9780471477563},
  Lccn                     = {04005207},
  Url                      = {http://books.google.cz/books?id=vArZu0HM-xYC}
}

@Article{NiLeung2007,
  Title                    = {{Mathematical modeling of the coupled transport and
 electrochemical reactions in solid oxide steam electrolyzer
 for hydrogen production}},
  Author                   = {Ni, Meng and Leung, Michael K. H. and Leung, Dennis Y.
 C.},
  Journal                  = {{ELECTROCHIMICA ACTA}},
  Year                     = {{2007}},

  Month                    = {{AUG 1}},
  Number                   = {{24}},
  Pages                    = {{6707-6718}},
  Volume                   = {{52}},

  Doi                      = {{10.1016/j.electacta.2007.04.084}}
}

@Article{Novikov1957,
  Title                    = {The Efficiency of Atomic Power Stations},
  Author                   = {Novikov, I. I.},
  Journal                  = {J. Nucl. Energy},
  Year                     = {1958},
  Note                     = {[Atomnaya Energiya 3, 409 (1957)]},
  Number                   = {125},
  Volume                   = {II 7}
}

@Article{Nummedal2005,
  Title                    = {Second law optimization of a tubular steam reformer},
  Author                   = {Lars Nummedal and Audun RÃ¸sjorde and Eivind Johannessen
 and Signe Kjelstrup},
  Journal                  = {Chemical Engineering and Processing: Process
 Intensification},
  Year                     = {2005},
  Number                   = {4},
  Pages                    = {429 - 440},
  Volume                   = {44},

  Doi                      = {10.1016/j.cep.2004.06.005},
  ISSN                     = {0255-2701},
  Keywords                 = {Entropy production rate}
}

@Article{Ogul-TulczyjewI,
  Title                    = {Tulczyjew's Triplet for {L}ie Groups {I}: {T}rivializations and Reductions},
  Author                   = {O.Esen and H.G\"{u}mral},
  Journal                  = {Journal of {L}ie Theory},
  Year                     = {2014},
  Pages                    = {1115-1160},
  Volume                   = {24}
}

@Book{olver2000applications,
  Title                    = {Applications of Lie groups to differential equations},
  Author                   = {Olver, Peter J},
  Publisher                = {Springer Science \& Business Media},
  Year                     = {2000},
  Volume                   = {107}
}

@Article{Onishi2007,
  Title                    = {Water-Nafion Equilibria. Absence of Schroeder's Paradox},
  Author                   = {Onishi, Lisa M. and Prausnitz, John M. and Newman, John},
  Journal                  = {The Journal of Physical Chemistry B},
  Year                     = {2007},
  Note                     = {PMID: 17685645},
  Number                   = {34},
  Pages                    = {10166-10173},
  Volume                   = {111},

  Doi                      = {10.1021/jp073242v},
  Url                      = {http://pubs.acs.org/doi/abs/10.1021/jp073242v}
}

@Article{Onsager1934,
  Title                    = {Deviations from {O}hm's Law in Weak Electrolytes},
  Author                   = {Onsager, Lars},
  Journal                  = {The Journal of Chemical Physics},
  Year                     = {1934},
  Number                   = {9},
  Pages                    = {599-615},
  Volume                   = {2},

  Doi                      = {http://dx.doi.org/10.1063/1.1749541},
  Url                      = {http://scitation.aip.org/content/aip/journal/jcp/2/9/10.1063/1.1749541}
}

@Article{Onsager1930,
  Title                    = {Reciprocal Relations in Irreversible Processes. {I.}},
  Author                   = {Onsager, Lars},
  Journal                  = {Phys. Rev.},
  Year                     = {1931},

  Month                    = {Feb},
  Pages                    = {405--426},
  Volume                   = {37},

  Doi                      = {10.1103/PhysRev.37.405},
  Issue                    = {4},
  Numpages                 = {0},
  Publisher                = {American Physical Society},
  Url                      = {http://link.aps.org/doi/10.1103/PhysRev.37.405}
}

@Article{Onsager1931,
  Title                    = {Reciprocal Relations in Irreversible Processes. II.},
  Author                   = {Onsager, Lars},
  Journal                  = {Phys. Rev.},
  Year                     = {1931},

  Month                    = {Dec},
  Pages                    = {2265--2279},
  Volume                   = {38},

  Doi                      = {10.1103/PhysRev.38.2265},
  Issue                    = {12},
  Publisher                = {American Physical Society}
}

@Article{Onsager1931I,
  Title                    = {Reciprocal Relations in Irreversible Processes. I.},
  Author                   = {Onsager, Lars},
  Journal                  = {Phys. Rev.},
  Year                     = {1931},
  Pages                    = {405--426},
  Volume                   = {37},

  Doi                      = {10.1103/PhysRev.38.2265},
  Publisher                = {American Physical Society}
}

@Article{ostwald.w:uber,
  Title                    = {{\"U}ber die {G}eschwindigkeitsfunktion der {V}iskosit\"at
 disperser {S}ysteme. {I}},
  Author                   = {Ostwald, Wolfgang},
  Journal                  = {Colloid Polym. Sci. },
  Year                     = {1925},
  Pages                    = {99--117},
  Volume                   = {36},

  Affiliation              = {Physikalisch-chemisches Institut Leipzig Leipzig},
  Doi                      = {10.1007/BF01431449},
  ISSN                     = {0303-402X},
  Issue                    = {2},
  Keyword                  = {Physics and Astronomy},
  Publisher                = {Springer Berlin / Heidelberg}
}

@Article{Ottinger1997-boltzmann,
  Title                    = {{GENERIC formulation of Boltzmann's kinetic equation}},
  Author                   = {Ottinger, HC},
  Journal                  = {{Jounal of Non-Equilibrium Thermodynamics}},
  Year                     = {{1997}},
  Number                   = {{4}},
  Pages                    = {{386-391}},
  Volume                   = {{22}},

  Doi                      = {{10.1515/jnet.1997.22.4.386}},
  ISSN                     = {{0340-0204}},
  Researcherid-numbers     = {{hco, Group/A-5142-2012 Ottinger, Hans
 Christian/E-6896-2011}},
  Unique-id                = {{ISI:000073161100005}}
}

@Article{Pathak2014,
  Title                    = {{Optimizing limited solar roof access by exergy analysis
 of solar thermal, photovoltaic, and hybrid photovoltaic
 thermal systems}},
  Author                   = {Pathak, M. J. M. and Sanders, P. G. and Pearce, J. M.},
  Journal                  = {{APPLIED ENERGY}},
  Year                     = {{2014}},

  Month                    = {{MAY 1}},
  Pages                    = {{115-124}},
  Volume                   = {{120}},

  Doi                      = {{10.1016/j.apenergy.2014.01.041}}
}

@Article{Pattle1954,
  Title                    = {Production of Electric Power by mixing Fresh and Salt
 Water in the Hydroelectric Pile},
  Author                   = {Pattle, R. E.},
  Journal                  = {Nature},
  Year                     = {1954},
  Number                   = {4431},
  Pages                    = {660},
  Volume                   = {174},

  Doi                      = {10.1038/174660a0},
  Url                      = {http://dx.doi.org/10.1038/174660a0}
}

@Book{Svejk,
  Title                    = {The Good Soldier \v{S}vejk},
  Author                   = {Jaroslav Ha{\v s}ek (translated by Paul Selver)},
  Publisher                = {Doubleday, Co. \& Inc., 1930},
  Year                     = {1923 (1930 for the English translation)}
}

@Article{Braun-LeChat,
  Title                    = {Braun--{L}e {C}hatelier principle in dissipative thermodynamics},
  Author                   = {Pavelka, M. and Grmela, M.},
  Journal                  = {Accademia Peloritana dei Pericolanti},
  Year                     = {2017},

  Archiveprefix            = {arXiv},
  Eprint                   = {1609.02308},
  Primaryclass             = {physics.flu-dyn}
}

@Article{PRE15,
  Title                    = {Time reversal in nonequilibrium thermodynamics},
  Author                   = {Pavelka, M. and Klika, V. and Grmela, M.},
  Journal                  = {Phys. Rev. E},
  Year                     = {2014},
  Number                   = {062131},
  Volume                   = {90}
}

@Article{Pavelka-AE,
  Title                    = {Generalization of exergy analysis },
  Author                   = {Michal Pavelka and Václav Klika and Petr Vágner and František Maršík},
  Journal                  = {Applied Energy },
  Year                     = {2015},
  Number                   = {0},
  Pages                    = {158 - 172},
  Volume                   = {137},

  Doi                      = {http://dx.doi.org/10.1016/j.apenergy.2014.09.071},
  ISSN                     = {0306-2619},
  Keywords                 = {Exergy analysis},
  Url                      = {http://www.sciencedirect.com/science/article/pii/S0306261914010198}
}

@Article{PhysD-hierarchy,
  Title                    = {{A hierarchy of Poisson brackets in non-equilibrium thermodynamics}},
  Author                   = {Pavelka, Michal and Klika, V{\'{a}}clav and Esen, Oğul and Grmela, Miroslav},
  Journal                  = {Physica D: Nonlinear Phenomena},
  Year                     = {2016},

  Month                    = {nov},
  Pages                    = {54--69},
  Volume                   = {335},

  Doi                      = {10.1016/j.physd.2016.06.011},
  File                     = {:home{\_}pers/peshkov/Documents/Mendeley Desktop/Pavelka et al. - 2016 - A hierarchy of Poisson brackets in non-equilibrium thermodynamics.pdf:pdf},
  ISSN                     = {01672789},
  Url                      = {http://linkinghub.elsevier.com/retrieve/pii/S0167278915301019}
}

@Article{Pavelka-LD,
  Title                    = {Statistical mechanics of Landau damping},
  Author                   = {Michal Pavelka and V{\'a}clav Klika and Miroslav Grmela},
  Journal                  = {Physica A},
  Year                     = {2018},
  Volume                   = {Submitted}
}

@Article{Pavelka2014,
  Title                    = {Consistent theory of mixtures on different levels of
 description },
  Author                   = {Michal Pavelka and Franti{\v s}ek Mar{\v s}{\' i}k and V{\' a}clav Klika},
  Journal                  = {International Journal of Engineering Science },
  Year                     = {2014},
  Number                   = {0},
  Pages                    = {192 - 217},
  Volume                   = {78},

  Doi                      = {http://dx.doi.org/10.1016/j.ijengsci.2014.02.003},
  ISSN                     = {0020-7225},
  Keywords                 = {Extended irreversible thermodynamics },
  Url                      = {http://www.sciencedirect.com/science/article/pii/S0020722514000184}
}

@Article{My-smesi,
  Title                    = {{Consistent theory of mixtures on different levels of
 description}},
  Author                   = {Pavelka, Michal and Mar\v{s}\'{i}k, Franti\v{s}ek and
 Klika, V\'{a}clav},
  Journal                  = {{International Journal of Engineering Science}},
  Year                     = {{2014}},

  Month                    = {{MAY}},
  Pages                    = {{192-217}},
  Volume                   = {{78}},

  Doi                      = {{10.1016/j.ijengsci.2014.02.003}},
  Eissn                    = {{1879-2197}},
  ISSN                     = {{0020-7225}},
  Researcherid-numbers     = {{Klika, Vaclav/G-7822-2014}},
  Unique-id                = {{ISI:000335280100014}}
}

@Article{Pavelka2013,
  Title                    = {Detailed thermodynamic analysis of polymer electrolyte
 membrane fuel cell efficiency },
  Author                   = {Michal Pavelka and František Maršík},
  Journal                  = {International Journal of Hydrogen Energy },
  Year                     = {2013},
  Number                   = {17},
  Pages                    = {7102-7113},
  Volume                   = {38},

  Doi                      = {10.1016/j.ijhydene.2013.03.149},
  ISSN                     = {0360-3199},
  Url                      = {http://www.sciencedirect.com/science/article/pii/S0360319913008276}
}

@Misc{phononBritannica_2018,
  Title                    = {Phonon},

  Author                   = {Perkowitz, Sidney},
  Month                    = {Jan},
  Year                     = {2018},

  Journal                  = {Encyclopaedia Britannica},
  Publisher                = {Encyclopaedia Britannica, inc. },
  Url                      = {https://www.britannica.com/science/phonon}
}

@Article{SHTC-GENERIC,
  Title                    = {Continuum Mechanics and Thermodynamics in the {H}amilton and the {G}odunov-type Formulations},
  Author                   = {Ilya Peshkov and Michal Pavelka and Evgeniy Romenski and Miroslav Grmela},
  Journal                  = {Continuum Mechanics and Thermodynamics},
  Year                     = {2018}
}

@Article{Peshkov-unified,
  Title                    = {A unified hyperbolic formulation for viscous fluids and elastoplastic solids},
  Author                   = {Ilya Peshkov and Evgeniy Romenski and Michael Dumbser},
  Journal                  = {arXiv:1705.02151 [physics.flu-dyn]},
  Year                     = {2017}
}

@Book{Landau10,
  Title                    = {Physical Kinetics},
  Author                   = {Pitaevskii, L.P. and Lifshitz, E.M.},
  Publisher                = {Elsevier Science},
  Year                     = {2012},
  Number                   = {v. 10},

  ISBN                     = {9780080570495}
}

@Article{Pitzer1984,
  Title                    = {{Thermodynamic properties of aqueous sodium-chloried
 solutions}},
  Author                   = {Pitzer, K. S. and Peiper, J. C. and Busey, R. H.},
  Journal                  = {{Journal of physical and chemical reference data}},
  Year                     = {{1984}},
  Number                   = {{1}},
  Pages                    = {{1-102}},
  Volume                   = {{13}},

  ISSN                     = {{0047-2689}},
  Unique-id                = {{ISI:A1984SY65900001}}
}

@Article{Planck,
  Title                    = {Ueber das Gesetz der Energieverteilung im Normalspectrum},
  Author                   = {Planck, Max},
  Journal                  = {Annalen der Physik},
  Year                     = {1901},
  Number                   = {3},
  Pages                    = {553--563},
  Volume                   = {309},

  Doi                      = {10.1002/andp.19013090310},
  ISSN                     = {1521-3889},
  Publisher                = {WILEY-VCH Verlag},
  Url                      = {http://dx.doi.org/10.1002/andp.19013090310}
}

@Book{Poincare-celestial,
  Title                    = {New Methods of Celestial Mechanics},
  Author                   = {Poincaré, H. and Goroff, D.L. and Goroff, D.},
  Publisher                = {American Institute of Physics},
  Year                     = {1997},
  Series                   = {History of Modern Physics \& Astronomy},

  ISBN                     = {9781563961175}
}

@Book{Pomraning,
  Title                    = {The Equations of Radiation Hydrodynamics},
  Author                   = { G. C. Pomraning},
  Publisher                = {Pergamon, New York},
  Year                     = {1973}
}

@Article{Vitek-Colombeau,
  Title                    = {Colombeau algebra as a mathematical tool for investigating step load and step deformation of systems of nonlinear springs and dashpots},
  Author                   = {Pr\ukr{u}{\v s}a, V. and {\v R}eho{\v r}, M. and T\ukr{u}ma, K.},
  Journal                  = {Z. angew. Math. Phys.},
  Year                     = {2017},
  Number                   = {1},
  Pages                    = {1--13},
  Volume                   = {68}
}

@Article{VitekRaja,
  Title                    = {On models of viscoelastic materials that are mechanically incompressible and thermally compressible or expansible and their {O}erbeck-{B}oussinesq type approaximations},
  Author                   = {V. Pr\ukr{u}{\v s}a and K.R. Rajagopal},
  Journal                  = {Mat. Models Meth. Appl. Sci.},
  Year                     = {2013},
  Pages                    = {1761-1794},
  Volume                   = {23}
}

@Book{Prigogine-TIP,
  Title                    = {Thermodynamics of Irreversible Processes},
  Author                   = {Prigogine, I.},
  Publisher                = {Thomas},
  Year                     = {1955}
}

@Article{Rajagopal2000,
  Title                    = {A thermodynamic framework for rate type fluid models},
  Author                   = {K.R. Rajagopal and A.R. Srinivasa},
  Journal                  = {J. Non-Newtonian Fluid Mech.},
  Year                     = {2000},
  Pages                    = {207-227},
  Volume                   = {88}
}

@Article{Rajagopal07,
  Title                    = {On A Hierarchy Of Approximate Models For Flows Of
 Incompressible Fluids Through Porous Solids},
  Author                   = {Rajagopal, K R},
  Journal                  = {Mathematical Models and Methods in Applied Sciences},
  Year                     = {2007},
  Pages                    = {215-252},
  Volume                   = {17}
}

@Article{Rajagopal2006,
  Title                    = {On implicit constitutive theories for fluids},
  Author                   = {Rajagopal,K. R.},
  Journal                  = {Journal of Fluid Mechanics},
  Year                     = {2006},
  Pages                    = {243--249},
  Volume                   = {550},

  Doi                      = {10.1017/S0022112005008025},
  ISSN                     = {1469-7645}
}

@Article{Rajagopal2004,
  Title                    = {On thermomechanical restrictions of continua},
  Author                   = {Rajagopal, K. R. and Srinivasa, A. R.},
  Journal                  = {Proceedings of the Royal Society of London. Series A:
 Mathematical, Physical and Engineering Sciences},
  Year                     = {2004},
  Number                   = {2042},
  Pages                    = {631-651},
  Volume                   = {460},

  Doi                      = {10.1098/rspa.2002.1111}
}

@Article{Rajagopal-B,
  Title                    = {{A thermodynamic frame work for rate type fluid models}},
  Author                   = {Rajagopal, K R and Srinivasa, A R},
  Journal                  = {J. Non-Newton. Fluid Mech.},
  Year                     = {2000},
  Number                   = {3},
  Pages                    = {207--227},
  Volume                   = {88},

  Doi                      = {10.1016/S0377-0257(99)00023-3},
  File                     = {:home{\_}pers/peshkov/Documents/Mendeley Desktop/Rajagopal, Srinivasa - 2000 - A thermodynamic frame work for rate type fluid models.pdf:pdf}
}

@Article{raju1982products,
  Title                    = {Products and compositions with the Dirac delta function},
  Author                   = {Raju, CK},
  Journal                  = {Journal of Physics A: Mathematical and General},
  Year                     = {1982},
  Number                   = {2},
  Pages                    = {381},
  Volume                   = {15},

  Publisher                = {IOP Publishing}
}

@Article{Ramirez2013,
  Title                    = {Irreversible port-{H}amiltonian systems: A general formulation of irreversible processes with application to {CSTR}},
  Author                   = {Ramirez, H. and Maschke, B. and Sharbaro, D.},
  Journal                  = {Chem. Eng. Sci.},
  Year                     = {2013},
  Pages                    = {223-234},
  Volume                   = {89}
}

@Article{ratiu1980motion,
  Title                    = {The motion of the free $ n $-dimensional rigid body},
  Author                   = {Ratiu, Tudor S},
  Journal                  = {Indiana Univ. Math. J.},
  Year                     = {1980},
  Number                   = {CAG-ARTICLE-1980-001},
  Pages                    = {609--629},
  Volume                   = {29}
}

@Article{Kjelstrup-Forland,
  Title                    = {{The Transported Entropy of Oxygen Ion in Yttria-Stabilized Zirconia}},
  Author                   = {Ratkje, SK and Forland, KS},
  Journal                  = {{Journal of the Electrochemical Society}},
  Year                     = {{1991}},

  Month                    = {{AUG}},
  Number                   = {{8}},
  Pages                    = {{2374-2376}},
  Volume                   = {{138}},

  Doi                      = {{10.1149/1.2085979}},
  ISSN                     = {{0013-4651}},
  Researcherid-numbers     = {{Kjelstrup, Signe/E-2590-2012
 Kjelstrup, Signe/F-9346-2014}},
  Unique-id                = {{ISI:A1991FZ32300037}}
}

@Article{Ratkje1991,
  Title                    = {{THE TRANSPORTED ENTROPY OF OXYGEN ION IN YTTRIA-STABILIZED ZIRCONIA}},
  Author                   = {RATKJE, SK and FORLAND, KS},
  Journal                  = {{JOURNAL OF THE ELECTROCHEMICAL SOCIETY}},
  Year                     = {{1991}},

  Month                    = {{AUG}},
  Number                   = {{8}},
  Pages                    = {{2374-2376}},
  Volume                   = {{138}},

  Doi                      = {{10.1149/1.2085979}},
  ISSN                     = {{0013-4651}},
  Researcherid-numbers     = {{Kjelstrup, Signe/E-2590-2012
 Kjelstrup, Signe/F-9346-2014}},
  Unique-id                = {{ISI:A1991FZ32300037}}
}

@Article{Ratkje1993,
  Title                    = {Transported Entropy in Zirconia with 3 to 12 Mole Percent
 Yttria},
  Author                   = {Ratkje, Signe Kjelstrup and Tomii, Yoichi},
  Journal                  = {Journal of The Electrochemical Society},
  Year                     = {1993},
  Number                   = {1},
  Pages                    = {59-66},
  Volume                   = {140},

  Doi                      = {10.1149/1.2056110}
}

@Article{Rio1992,
  Title                    = {Extended Irreversible Thermodynamics as Framework for
 Transport Phenomena in Porous Media},
  Author                   = {J. A. del Río and M. L. de Haro},
  Journal                  = {Transport in Porous Media},
  Year                     = {1992},
  Number                   = {3},
  Pages                    = {207--221},
  Volume                   = {9},

  Doi                      = {10.1007/BF00611967}
}

@Article{Rocco14,
  Title                    = {Advances in exergy analysis: a novel assessment of the
 Extended Exergy Accounting method },
  Author                   = {M.V. Rocco and E. Colombo and E. Sciubba},
  Journal                  = {Applied Energy },
  Year                     = {2014},
  Number                   = {0},
  Pages                    = {1405 - 1420},
  Volume                   = {113},

  Doi                      = {http://dx.doi.org/10.1016/j.apenergy.2013.08.080},
  ISSN                     = {0306-2619},
  Keywords                 = {Extended Exergy Accounting },
  Url                      = {http://www.sciencedirect.com/science/article/pii/S0306261913007241}
}

@Article{Romenskii1984,
  Title                    = {{Conservation laws and the symmetric form of equations of nonlinear elasticity theory (in Russian)}},
  Author                   = {Romenskii, E.I.},
  Journal                  = {Boundary Value Problems for Partial Differential Equations, Proc. Sobolev Sem., Akad. Nauk USSR},
  Year                     = {1984},
  Pages                    = {132--143},
  Volume                   = {1}
}

@Article{Rom1974,
  Title                    = {{Hypoelastic form of equations in nonlinear elasticity theory}},
  Author                   = {Romenskii, E I},
  Journal                  = {Journal of Applied Mechanics and Technical Physics},
  Year                     = {1974},
  Number                   = {2},
  Pages                    = {255--259},
  Volume                   = {15}
}

@Book{Roubicek,
  Title                    = {Nonlinear Partial Differential Equations with Applications},
  Author                   = {Roub\'{i}\v{c}ek, T.},
  Publisher                = {Birkh\"{a}user},
  Year                     = {2005}
}

@Article{Rubi2003,
  Title                    = {Mesoscopic Nonequilibrium Thermodynamics Gives the Same
 Thermodynamic Basis to Butler-Volmer and Nernst Equations},
  Author                   = {Rubi, J. M. and Kjelstrup, S.},
  Journal                  = {The Journal of Physical Chemistry B},
  Year                     = {2003},
  Number                   = {48},
  Pages                    = {13471-13477},
  Volume                   = {107},

  Doi                      = {10.1021/jp030572g},
  Url                      = {http://pubs.acs.org/doi/abs/10.1021/jp030572g}
}

@Book{Ruelle,
  Title                    = {Thermodynamic Formalism},
  Author                   = {Ruelle, D.},
  Publisher                = {Cambridge University Press},
  edition = {2nd},
  Year                     = {2010}
}

@Article{Rup,
  Title                    = {Riemannian geometry in thermodynamic fluctuation theory},
  Author                   = {Ruppeiner, G.},
  Journal                  = {Rev. Mod. Phys.},
  Year                     = {1995},
  Number                   = {605},
  Volume                   = {67}
}

@Article{Bedeaux-Mazur,
  Title                    = {Hydrodynamics for an ideal fluid: {H}amiltonian formalism and {L}iouville-equation},
  Author                   = {W. van Saarloos and D. Bedeaux and P. Mazur},
  Journal                  = {Physica A},
  Year                     = {1981},
  Pages                    = {109-125},
  Volume                   = {107}
}

@Book{Samohyl,
  Title                    = {Thermodynamics of irreversible processes in fluid
 mixtures: approached by rational thermodynamics},
  Author                   = {Samohýl, I.},
  Publisher                = {B.G. Teubner},
  Year                     = {1987},
  Series                   = {Teubner-Texte zur Physik},

  ISBN                     = {9783322004437},
  Lccn                     = {88119634}
}

@Article{Samohyl2012,
  Title                    = {Partial Pressures in Thermodynamics of Classical Fluid
 Mixtures},
  Author                   = {Vít Samohýl and Ivan Samohýl and Petr Voňka},
  Journal                  = {Acta Chimica Slovaca},
  Year                     = {2012},
  Number                   = {1},
  Pages                    = {29-36},
  Volume                   = {5},

  Doi                      = {10.2478/v10188-012-0005-3}
}

@Article{Sarti-Marrucci,
  Title                    = {Thermomechanics of dilute polymer solutions: {M}ultiple bead-spring model},
  Author                   = {Sarti, G. C. and G. Marrucci},
  Journal                  = {Chem. Eng. Sci.},
  Year                     = {1973},
  Pages                    = {1053-1059},
  Volume                   = {28}
}

@Article{Satterfield2008-viscoelastic,
  Title                    = {Viscoelastic properties of Nafion at elevated temperature
 and humidity},
  Author                   = {Satterfield, M. Barclay and Benziger, Jay B.},
  Journal                  = {Journal of Polymer Science Part B: Polymer Physics},
  Year                     = {2009},
  Number                   = {1},
  Pages                    = {11--24},
  Volume                   = {47},

  Doi                      = {10.1002/polb.21608},
  ISSN                     = {1099-0488},
  Keywords                 = {elastic modulus, microphase separation, Nafion, stress,
 stress relaxation, structure-property relations, thermal
 properties, transitions, viscoelastic properties},
  Publisher                = {Wiley Subscription Services, Inc., A Wiley Company},
  Url                      = {http://dx.doi.org/10.1002/polb.21608}
}

@Article{Satterfield2008,
  Title                    = {Non-Fickian Water Vapor Sorption Dynamics by Nafion
 Membranes},
  Author                   = {Satterfield, M. Barclay and Benziger, J. B.},
  Journal                  = {The Journal of Physical Chemistry B},
  Year                     = {2008},
  Note                     = {PMID: 18314970},
  Number                   = {12},
  Pages                    = {3693-3704},
  Volume                   = {112},

  Doi                      = {10.1021/jp7103243},
  Url                      = {http://pubs.acs.org/doi/abs/10.1021/jp7103243}
}

@Article{Satterfield2006,
  Title                    = {Mechanical properties of Nafion and titania/Nafion
 composite membranes for polymer electrolyte membrane fuel
 cells},
  Author                   = {Satterfield, M. Barclay and Majsztrik, Paul W. and Ota,
 Hitoshi and Benziger, Jay B. and Bocarsly, Andrew B.},
  Journal                  = {Journal of Polymer Science Part B: Polymer Physics},
  Year                     = {2006},
  Number                   = {16},
  Pages                    = {2327--2345},
  Volume                   = {44},

  Doi                      = {10.1002/polb.20857},
  ISSN                     = {1099-0488},
  Publisher                = {Wiley Subscription Services, Inc., A Wiley Company}
}

@Article{Schroeder,
  Author                   = {Schroeder, P. V.},
  Journal                  = {Z. Phys. Chem.},
  Year                     = {1903},
  Number                   = {75},
  Volume                   = {45}
}

@Article{Sciacovelli2010,
  Title                    = {Thermodynamic Optimization of a Monolithic-Type Solid
 Oxide Fuel Cell},
  Author                   = {Adriano Sciacovelli},
  Journal                  = {International Journal of Thermodynamics},
  Year                     = {2010},
  Number                   = {3},
  Pages                    = {95--103},
  Volume                   = {13}
}

@Article{Shah2011,
  Title                    = {Recent trends and developments in polymer electrolyte
 membrane fuel cell modelling},
  Author                   = {A.A. Shah and K.H. Luo and T.R. Ralph and F.C. Walsh},
  Journal                  = {Electrochimica Acta},
  Year                     = {2011},
  Number                   = {11},
  Pages                    = {3731 - 3757},
  Volume                   = {56},

  Doi                      = {10.1016/j.electacta.2010.10.046},
  ISSN                     = {0013-4686}
}

@Article{Shannon,
  Title                    = {A Mathematical Theory of Communication},
  Author                   = {C. E. Shannon},
  Journal                  = {Bell System Technical Journal},
  Year                     = {1948},
  Pages                    = {379-423,623-656},
  Volume                   = {27}
}

@Article{SharipovPRE06,
  Title                    = {Onsager-{C}asimir reciprocal relations based on the
 {B}oltzmann equation and gas-surface interaction: Single
 gas},
  Author                   = {Sharipov, Felix},
  Journal                  = {Physical Review E},
  Year                     = {2006},
  Number                   = {2},
  Pages                    = {026110},
  Volume                   = {73},

  Publisher                = {APS}
}

@Article{SharipovKalempa06,
  Title                    = {Onsager-{C}asimir reciprocal relations based on the
 {B}oltzmann equation and gas-surface interaction. Gaseous
 mixtures},
  Author                   = {Sharipov, Felix and Kalempa, Denize},
  Journal                  = {Journal of statistical physics},
  Year                     = {2006},
  Number                   = {3},
  Pages                    = {661--675},
  Volume                   = {125},

  Publisher                = {Springer}
}

@Article{Sharqawy2010,
  Title                    = {Thermophysical properties of seawater: a review of
 existing correlations and data},
  Author                   = {Sharqawy, Mostafa H. and Lienhard, John H. and Zubair,
 Syed M.},
  Journal                  = {Desalination and Water Treatment},
  Year                     = {2010},
  Number                   = {1-3},
  Pages                    = {354-380},
  Volume                   = {16},

  Doi                      = {10.5004/dwt.2010.1079},
  Url                      = {
 http://www.tandfonline.com/doi/abs/10.5004/dwt.2010.1079}
}

@Article{Sieniutycz,
  Title                    = {From a least action principle to mass action law and extended affinity},
  Author                   = {S. Sieniutycz},
  Journal                  = {Chem. Eng. Sci.},
  Year                     = {1987},
  Pages                    = {2697-2711},
  Volume                   = {42}
}

@Article{sisko.aw:flow,
  Title                    = {The Flow of Lubricating Greases},
  Author                   = {Sisko, A. W.},
  Journal                  = {Ind. Eng. Chem.},
  Year                     = {1958},
  Number                   = {12},
  Pages                    = {1789--1792},
  Volume                   = {50},

  Doi                      = {10.1021/ie50588a042}
}

@Book{Smith,
  Title                    = {Introduction to Chemical Engineering Thermodynamics},
  Author                   = {Smith, J.M. and Van Ness, H. and Abbott, M.},
  Publisher                = {McGraw-Hill Companies,Incorporated},
  Year                     = {2004},
  Series                   = {McGraw-Hill chemical engineering series},

  ISBN                     = {9780073104454},
  Lccn                     = {00051546}
}

@Article{Song2006,
  Title                    = {Transient analysis for the cathode gas diffusion layer of
 PEM fuel cells},
  Author                   = {Datong Song and Qianpu Wang and Zhong-Sheng Liu and Cheng
 Huang},
  Journal                  = {Journal of Power Sources},
  Year                     = {2006},
  Number                   = {2},
  Pages                    = {928 - 942},
  Volume                   = {159},

  Doi                      = {10.1016/j.jpowsour.2005.11.062},
  ISSN                     = {0378-7753}
}

@Article{Soucek2013,
  Title                    = {On the natural structure of thermodynamic potentials and
 fluxes in the theory of chemically non-reacting binary
 mixtures},
  Author                   = {Souček, O. and Průša, V. and Málek, J. and Rajagopal,
 K. R.},
  Journal                  = {Acta Mechanica},
  Year                     = {2013},
  Note                     = {Accepted manuscript},

  Doi                      = {10.1007/s00707-013-1038-4}
}

@Article{Spencer-Kaufman,
  Title                    = {Hamiltonian-structure of 2-fluid plasma dynamics},
  Author                   = {Spencer, RG and Kaufman, AN},
  Journal                  = {Physical Review A},
  Year                     = {1981},
  Number                   = {4},
  Pages                    = {2437-2439},
  Volume                   = {25},

  Doi                      = {10.1103/PhysRevA.25.2437},
  Ear                      = {1982},
  ISSN                     = {1050-2947},
  Unique-id                = {ISI:A1982NL04300082}
}

@Article{spivak1981comprehensive,
  Title                    = {comprehensive introduction to differential geometry. Vol. I-IV.},
  Author                   = {Spivak, Michael},
  Year                     = {1981},

  Publisher                = {Publish or Perish, Inc., University of Tokyo Press}
}

@Article{Zawodzinski,
  Title                    = {{Polymer Electrolyte Fuel-Cell Model}},
  Author                   = {Springer, T.E. and Zawodzinski, TA and Gottesfeld, S},
  Journal                  = {{Journal of the Electrochemical Society}},
  Year                     = {{1991}},

  Month                    = {{AUG}},
  Number                   = {{8}},
  Pages                    = {{2334-2342}},
  Volume                   = {{138}},

  Doi                      = {{10.1149/1.2085971}},
  ISSN                     = {{0013-4651}},
  Unique-id                = {{ISI:A1991FZ32300029}}
}

@Book{Sudarshan,
  Title                    = {Classical Mechanics-Modern Perspectives},
  Author                   = {E. C. G. Sudarshan and N. Mukunda},
  Publisher                = {Wiley, New York},
  Year                     = {1974}
}

@Article{Sukkar-SK2003,
  Title                    = {{Water transfer behaviour across cation exchange membranes in the
 vanadium redox battery}},
  Author                   = {Sukkar, T and Skyllas-Kazacos, M},
  Journal                  = {{Journal of Membrane Science}},
  Year                     = {{2003}},

  Month                    = {{SEP 1}},
  Number                   = {{1-2}},
  Pages                    = {{235-247}},
  Volume                   = {{222}},

  Doi                      = {{10.1016/S0376-7388(03)00309-0}},
  ISSN                     = {{0376-7388}},
  Unique-id                = {{ISI:000185568000020}}
}

@Article{Sum-SK2,
  Title                    = {{Investigation of the V(V)/V(IV) system for use in the positive half-cell
 of a redox battery}},
  Author                   = {Sum, E and Rychcik, M and Skyllas-Kazacos, M},
  Journal                  = {{Journal of Power Sources}},
  Year                     = {{1985}},

  Month                    = {{OCT}},
  Number                   = {{2}},
  Pages                    = {{85-95}},
  Volume                   = {{16}},

  Doi                      = {{10.1016/0378-7753(85)80082-3}},
  ISSN                     = {{0378-7753}},
  Unique-id                = {{ISI:A1985AYR6000001}}
}

@Article{Sum-SK1,
  Title                    = {{A study of the V(II)/V(III) redox couple for redox flow cell
 applications}},
  Author                   = {Sum, E and Skyllas-Kazacos, M},
  Journal                  = {{Journal of Power Sources}},
  Year                     = {{1985}},
  Number                   = {{2-3}},
  Pages                    = {{179-190}},
  Volume                   = {{15}},

  Doi                      = {{10.1016/0378-7753(85)80071-9}},
  ISSN                     = {{0378-7753}},
  Unique-id                = {{ISI:A1985APY4000010}}
}

@Article{Sun2010,
  Title                    = {{Investigations on transfer of water and vanadium ions across Nafion
 membrane in an operating vanadium redox flow battery}},
  Author                   = {Sun, Chenxi and Chen, Jian and Zhang, Huamin and Han, Xi and Luo,
 Qingtao},
  Journal                  = {{Journal of Power Sources}},
  Year                     = {{2010}},

  Month                    = {{FEB 1}},
  Number                   = {{3}},
  Pages                    = {{890-897}},
  Volume                   = {{195}},

  Doi                      = {{10.1016/j.jpowsour.2009.08.041}},
  ISSN                     = {{0378-7753}},
  Researcherid-numbers     = {{luo, qingtao/F-5024-2012}},
  Unique-id                = {{ISI:000271171900030}}
}

@PhdThesis{tuma.k:identification,
  Title                    = {Identification of rate type fluids suitable for modeling geomaterials},
  Author                   = {T\ukr{u}ma, Karel},
  School                   = {Charles University in Prague},
  Year                     = {2014}
}

@Article{Karel-phase,
  Title                    = {Size effects in martensitic microstructures: finite-strain phase field model versus sharp-interface approach},
  Author                   = {T\ukr{u}ma, K. and Stupkiewicz, S. and Petryk, H.},
  Journal                  = {J. Mech. Phys. Solids},
  Year                     = {2016},
  Pages                    = {284--307},
  Volume                   = {95}
}

@Article{Tager1978,
  Author                   = {Tager, A. A. and Tsilipotkina, M. V.},
  Journal                  = { Usp. Khim.},
  Year                     = {1978},
  Number                   = {152},
  Volume                   = {47}
}

@Article{Take81,
  Title                    = {Matched pairs of groups and bismash products of {H}opf algebras},
  Author                   = {Takeuchi, M.},
  Journal                  = {Comm. Algebra},
  Year                     = {1981},
  Number                   = {8},
  Pages                    = {841--882},
  Volume                   = {9},

  Bdsk-url-1               = {http://dx.doi.org/10.1080/00927878108822621},
  Coden                    = {COALDM},
  Doi                      = {10.1080/00927878108822621},
  Fjournal                 = {Communications in Algebra},
  ISSN                     = {0092-7872},
  Mrclass                  = {16A24 (20E22)},
  Mrreviewer               = {E. J. Taft},
  Url                      = {http://dx.doi.org/10.1080/00927878108822621}
}

@Article{Tolman1921,
  Title                    = {The Entropy of Electron Gas},
  Author                   = {Tolman, Richard C.},
  Journal                  = {Journal of the American Chemical Society},
  Year                     = {1921},
  Number                   = {7},
  Pages                    = {1592-1601},
  Volume                   = {43},

  Doi                      = {10.1021/ja01440a022}
}

@Book{Truesdell-RT,
  Title                    = {Rational thermodynamics: a course of lectures on selected
 topics},
  Author                   = {Truesdell, C.},
  Publisher                = {McGraw-Hill},
  Year                     = {1969},
  Series                   = {McGraw-Hill series in modern applied mathematics},

  Lccn                     = {79077961}
}

@Article{extra-mass-flux,
  Title                    = {Extra mass flux in fluid mechanics},
  Author                   = {V\'{a}n, P. and Pavelka, M. and Grmela, M.},
  Journal                  = {Journal of Non-Equilibrium Thermodynamics},
  Year                     = {2017},
  Number                   = {2},
  Volume                   = {42}
}

@Book{Vafai-Handbook,
  Title                    = {Handbook of Porous Media},
  Author                   = {Vafai, K.},
  Publisher                = {Taylor \& Francis},
  Year                     = {2009},

  ISBN                     = {9780824741501}
}

@MastersThesis{Affro,
  Title                    = {Physical analysis of the main processes in the solid oxide
 fuel cells and their mathematical description},
  Author                   = {Petr Vágner},
  School                   = {Faculty of Mathematics and Physics, Charles University in
 Prague, Czech Republic},
  Year                     = {2014}
}

@Article{Vallieres2006,
  Author                   = {Vallieres, C. and Winkelmann, D. and Roizard, D. and
 Favre, E. and Scharfer,P. and Kind, M.},
  Journal                  = {J. Membr. Sci.},
  Year                     = {2006},
  Number                   = {357},

  Volumer                  = {278}
}

@Article{van1957derivationII,
  Title                    = {Derivation of the phenomenological equations from the
 master equation: {II.} Even and odd variables},
  Author                   = {Van Kampen, NG},
  Journal                  = {Physica},
  Year                     = {1957},
  Number                   = {6},
  Pages                    = {816--824},
  Volume                   = {23},

  Publisher                = {Elsevier}
}

@Article{Vats12,
  Title                    = {Energy and exergy analysis of a building integrated
 semitransparent photovoltaic thermal (BISPVT) system },
  Author                   = {Kanchan Vats and G.N. Tiwari},
  Journal                  = {Applied Energy },
  Year                     = {2012},
  Note                     = {Smart Grids },
  Number                   = {0},
  Pages                    = {409 - 416},
  Volume                   = {96},

  Doi                      = {http://dx.doi.org/10.1016/j.apenergy.2012.02.079},
  ISSN                     = {0306-2619},
  Keywords                 = {Exergy analysis },
  Url                      = {http://www.sciencedirect.com/science/article/pii/S0306261912001808}
}

@Article{Veerman2011,
  Title                    = {Reverse electrodialysis: A validated process model for
 design and optimization },
  Author                   = {J. Veerman and M. Saakes and S.J. Metz and G.J. Harmsen},
  Journal                  = {Chemical Engineering Journal },
  Year                     = {2011},
  Number                   = {1},
  Pages                    = {256 - 268},
  Volume                   = {166},

  Doi                      = {http://dx.doi.org/10.1016/j.cej.2010.10.071},
  ISSN                     = {1385-8947},
  Keywords                 = {Power production },
  Url                      = {http://www.sciencedirect.com/science/article/pii/S1385894710010442}
}

@Article{Velasco1993,
  Title                    = {Generalized Onsager's theory for a dilute binary mixture},
  Author                   = {Velasco, R. M.},
  Journal                  = {Revista Mexicana de Física},
  Year                     = {1993},
  Number                   = {3},
  Pages                    = {352--365},
  Volume                   = {39}
}

@Article{Verhas1983,
  Title                    = {An extension of the Governing Principle of Dissipative
 Processes to nonlinear constitutive equations},
  Author                   = {Verhas, J},
  Journal                  = {Annalen Der Physik},
  Year                     = {1983},
  Number                   = {4-5},
  Pages                    = {189--193},
  Volume                   = {495},

  Publisher                = {Wiley Online Library}
}

@Article{Verros07PhysLett,
  Title                    = {On the validity of the {O}nsager reciprocal relations in
 multi-component diffusion},
  Author                   = {Verros, George D},
  Journal                  = {Physics Letters A},
  Year                     = {2007},
  Number                   = {1},
  Pages                    = {34--38},
  Volume                   = {365},

  Publisher                = {Elsevier}
}

@Article{Villani2014,
  Title                    = {{Particle systems and nonlinear Landau damping}},
  Author                   = {Villani, Cedric},
  Journal                  = {{Physics of plasmas}},
  Year                     = {{2014}},

  Month                    = {{MAR}},
  Number                   = {{3}},
  Volume                   = {{21}},

  Article-number           = {{030901}},
  Doi                      = {{10.1063/1.4867237}},
  Eissn                    = {{1089-7674}},
  ISSN                     = {{1070-664X}},
  Unique-id                = {{ISI:000334180200005}}
}

@Book{Vladimirov,
  Title                    = {Generalized Functions in Mathematical Physics},
  Author                   = {Vladimirov, V.S. and Yankovsky, G.},
  Publisher                = {USSR},
  Year                     = {1979},

  ISBN                     = {9785884170223},
  Url                      = {https://books.google.ca/books?id=a6SIcgAACAAJ}
}

@Article{Vlasov,
  Title                    = {{Vibrational properties of an electron gas}},
  Author                   = {Vlasov, AA},
  Journal                  = {{Soviet physics uspekhi-ussr}},
  Year                     = {{1968}},
  Number                   = {{6}},
  Pages                    = {{721}},
  Volume                   = {{10}},

  Doi                      = {{10.1070/PU1968v010n06ABEH003709}},
  Unique-id                = {{ISI:A1968B863600001}}
}

@Book{deVos,
  Title                    = {Thermodynamics of Solar Energy Conversion},
  Author                   = {Alexis De Vos},
  Publisher                = {Wiley},
  Year                     = {2008},

  ISBN                     = {9783527408412},
  Lccn                     = {2010281247}
}

@Article{Vrentas1977I,
  Title                    = {{Diffusion in Polymer - Solvent Systems .1. Re-Examination of Free-Volume Theory}},
  Author                   = {Vrentas, JS and Duda, JL},
  Journal                  = {{Journal of Polymer Science Part B-Polymer Physics}},
  Year                     = {{1977}},
  Number                   = {{3}},
  Pages                    = {{403-416}},
  Volume                   = {{15}},

  Doi                      = {{10.1002/pol.1977.180150302}},
  ISSN                     = {{0887-6266}},
  Unique-id                = {{ISI:A1977CY22400002}}
}

@Article{Vrentas1977II,
  Title                    = {{Diffusion in Polymer-Solvent Systems .2. Predictive Theory for
 Dependence of Diffusion-Coefficients on Temperature, Concentration, and
 Molecular-Weight}},
  Author                   = {Vrentas, JS and Duda, JL},
  Journal                  = {{Journal of Polymer Science Part B-Polymer Physics}},
  Year                     = {{1977}},
  Number                   = {{3}},
  Pages                    = {{417-439}},
  Volume                   = {{15}},

  Doi                      = {{10.1002/pol.1977.180150303}},
  ISSN                     = {{0887-6266}},
  Unique-id                = {{ISI:A1977CY22400003}}
}

@Article{waele.a:viscometry,
  Title                    = {Viscometry and Plastometry},
  Author                   = {de Waele, A.},
  Journal                  = {J. Oil Colour Chem. Assoc.},
  Year                     = {1923},
  Pages                    = {33--69},
  Volume                   = {6}
}

@Article{Wagman1982,
  Title                    = {{The NBS tables of chemical thermodynamic properties - selected values
 for inorganic and C-1 and C-2 organic-substances in si units}},
  Author                   = {Wagman, DD and Evans, WH and Parker, VB and Schumm, RH and Halow, I and
 Bailey, SM and Churney, KL and Nuttall, RL},
  Journal                  = {{Journal of Physical and Chemical Reference Data}},
  Year                     = {{1982}},
  Number                   = {{2}},
  Pages                    = {{1-\&}},
  Volume                   = {{11}},

  ISSN                     = {{0047-2689}},
  Unique-id                = {{ISI:A1982QZ27200001}}
}

@Book{Waldram,
  Title                    = {The Theory of Thermodynamics},
  Author                   = {Waldram, J.R.},
  Publisher                = {Cambridge University Press},
  Year                     = {1985},

  ISBN                     = {9780521287968},
  Lccn                     = {gb85016176}
}

@Article{Waller14,
  Title                    = {Current and theoretical maximum well-to-wheels exergy
 efficiency of options to power vehicles with natural gas },
  Author                   = {Michael G. Waller and Eric D. Williams and Schuyler W.
 Matteson and Thomas A. Trabold},
  Journal                  = {Applied Energy },
  Year                     = {2014},
  Number                   = {0},
  Pages                    = {55 - 63},
  Volume                   = {127},

  Doi                      = {http://dx.doi.org/10.1016/j.apenergy.2014.03.088},
  ISSN                     = {0306-2619},
  Keywords                 = {Hydraulic fracturing },
  Url                      = {http://www.sciencedirect.com/science/article/pii/S0306261914003286}
}

@Article{Frank2014,
  Title                    = {{Model of a vanadium redox flow battery with an anion exchange membrane
 and a Larminie-correction}},
  Author                   = {Wandschneider, F. T. and Finke, D. and Grosjean, S. and Fischer, P. and
 Pinkwart, K. and Tuebke, J. and Nirschl, H.},
  Journal                  = {{Journal of Power Sources}},
  Year                     = {{2014}},

  Month                    = {{DEC 25}},
  Pages                    = {{436-447}},
  Volume                   = {{272}},

  Doi                      = {{10.1016/j.jpowsour.2014.08.082}},
  Eissn                    = {{1873-2755}},
  ISSN                     = {{0378-7753}},
  Unique-id                = {{ISI:000344208700055}}
}

@Article{Wang2004,
  Title                    = {Fundamental Models for Fuel Cell Engineering},
  Author                   = {Wang, Chao-Yang},
  Journal                  = {Chemical Reviews},
  Year                     = {2004},
  Note                     = {PMID: 15669167},
  Number                   = {10},
  Pages                    = {4727-4766},
  Volume                   = {104},

  Doi                      = {10.1021/cr020718s}
}

@Article{Wang2009,
  Title                    = {{Exergy analyses and parametric optimizations for
 different cogeneration power plants in cement industry}},
  Author                   = {Wang, Jiangfeng and Dai, Yiping and Gao, Lin},
  Journal                  = {{APPLIED ENERGY}},
  Year                     = {{2009}},

  Month                    = {{JUN}},
  Number                   = {{6}},
  Pages                    = {{941-948}},
  Volume                   = {{86}},

  Doi                      = {{10.1016/j.apenergy.2008.09.001}}
}

@Article{Wang2010,
  Title                    = {{Parametric optimization design for supercritical CO2
 power cycle using genetic algorithm and artificial neural
 network}},
  Author                   = {Wang, Jiangfeng and Sun, Zhixin and Dai, Yiping and Ma,
 Shaolin},
  Journal                  = {{APPLIED ENERGY}},
  Year                     = {{2010}},

  Month                    = {{APR}},
  Number                   = {{4}},
  Pages                    = {{1317-1324}},
  Volume                   = {{87}},

  Doi                      = {{10.1016/j.apenergy.2009.07.017}}
}

@Article{Weber-NewmanII,
  Author                   = {Weber, A. Z. and Newman, J.},
  Journal                  = {J. Electrochem. Soc.},
  Year                     = {2004},
  Number                   = {2},
  Pages                    = {A311-A325},
  Volume                   = {151},

  Doi                      = {10.1149/1.1639157}
}

@Article{Weber-NewmanIII,
  Author                   = {Weber, A. Z. and Newman, J.},
  Journal                  = {J. Electrochem. Soc.},
  Year                     = {2004},
  Number                   = {2},
  Pages                    = {A326-A339},
  Volume                   = {151},

  Doi                      = {10.1149/1.1639158}
}

@Article{Weber-NewmanI,
  Author                   = {Weber, A. Z. and Newman, J.},
  Journal                  = {J. Electrochem. Soc.},
  Year                     = {2003},
  Number                   = {7},
  Pages                    = {A1008-A1015},
  Volume                   = {150},

  Doi                      = {10.1149/1.1580822}
}

@Article{Weinhold,
  Title                    = {Metric Geometry of Equilibrium Thermodynamics I-IV},
  Author                   = {F. Weinhold},
  Journal                  = {J. Chem. Phys.},
  Year                     = {1975},
  Pages                    = {2479-2501},
  Volume                   = {63}
}

@Article{WignerJCP54,
  Title                    = {Derivations of {O}nsager’s reciprocal relations},
  Author                   = {Wigner, Eugene P},
  Journal                  = {Journal of Chemical Physics},
  Year                     = {1954},
  Pages                    = {1912--1915},
  Volume                   = {{22}}
}

@Book{Wilkins1963,
  Title                    = {{Calculation of elastic-plastic flow}},
  Author                   = {Wilkins, M L},
  Publisher                = {California Univ. Livermore Radiation LAB},
  Year                     = {1963}
}

@Book{Wilkinson-PEM,
  Title                    = {Proton Exchange Membrane Fuel Cells: Materials Properties
 and Performance},
  Author                   = {Wilkinson, D.P.},
  Publisher                = {CRC PressINC},
  Year                     = {2009},
  Series                   = {Green Chemistry and Chemical Engineering Series},

  ISBN                     = {9781439806647},
  Lccn                     = {2009036642}
}

@Book{Wilmanski,
  Title                    = {Continuum Thermodynamics, Part 1: Foundations},
  Author                   = {Wilma{\'n}ski, K.},
  Publisher                = {World Scientific},
  Year                     = {2008},
  Series                   = {Series on Advances in Mathematics for Applied Sciences},

  ISBN                     = {9789812835567},
  Lccn                     = {2008033325}
}

@Article{Wolf1995,
  Title                    = {Geometry and dynamics of refracting systems},
  Author                   = {K.B. Wolf and G. Kr\"{o}tzch},
  Journal                  = {Eur. J. Phys.},
  Year                     = {1995},
  Pages                    = {14},
  Volume                   = {16}
}

@Article{Wu2008,
  Title                    = {A review of PEM fuel cell durability: Degradation
 mechanisms and mitigation strategies},
  Author                   = {Jinfeng Wu and Xiao Zi Yuan and Jonathan J. Martin and
 Haijiang Wang and Jiujun Zhang and Jun Shen and Shaohong Wu
 and Walter Merida},
  Journal                  = {Journal of Power Sources},
  Year                     = {2008},
  Number                   = {1},
  Pages                    = {104 - 119},
  Volume                   = {184},

  Doi                      = {10.1016/j.jpowsour.2008.06.006},
  ISSN                     = {0378-7753}
}

@InCollection{Yablonskii,
  Title                    = {Kinetic Models of Catalytic Reactions},
  Author                   = {G.S. Yablonskii and V.I. Bykov and A.N. Gorban and V.I. Elokhin},
  Booktitle                = {Comprehensive Chemical Kinetics},
  Publisher                = {Elsevier, Amsterdam},
  Year                     = {1991},
  Editor                   = {R. Compton},
  Pages                    = {392},
  Volume                   = {32}
}

@Article{Yip2012,
  Title                    = {Thermodynamic and Energy Efficiency Analysis of Power
 Generation from Natural Salinity Gradients by Pressure
 Retarded Osmosis},
  Author                   = {Yip, Ngai Yin and Elimelech, Menachem},
  Journal                  = {Environmental Science \& Technology},
  Year                     = {2012},
  Number                   = {9},
  Pages                    = {5230-5239},
  Volume                   = {46},

  Doi                      = {10.1021/es300060m},
  Url                      = {http://pubs.acs.org/doi/abs/10.1021/es300060m}
}

@Article{ISI:000340311800035,
  Title                    = {{Peak power prediction of a vanadium redox flow battery}},
  Author                   = {Yu, V. K. and Chen, D.},
  Journal                  = {{JOURNAL OF POWER SOURCES}},
  Year                     = {{2014}},

  Month                    = {{DEC 5}},
  Pages                    = {{261-268}},
  Volume                   = {{268}},

  Doi                      = {{10.1016/j.jpowsour.2014.06.053}},
  Eissn                    = {{1873-2755}},
  ISSN                     = {{0378-7753}},
  Unique-id                = {{ISI:000340311800035}}
}

@Article{Zamel2013,
  Title                    = {Effective transport properties for polymer electrolyte
 membrane fuel cells“ With a focus on the gas diffusion
 layer},
  Author                   = {Nada Zamel and Xianguo Li},
  Journal                  = {Progress in Energy and Combustion Science},
  Year                     = {2013},
  Number                   = {1},
  Pages                    = {111 - 146},
  Volume                   = {39},

  Doi                      = {10.1016/j.pecs.2012.07.002},
  ISSN                     = {0360-1285}
}

@Book{Zhang-PEMCL,
  Title                    = {PEM Fuel Cell Electrocatalysts and Catalyst Layers:
 Fundamentals and Applications},
  Author                   = {Zhang, J.},
  Publisher                = {Springer-Verlag},
  Year                     = {2008},

  ISBN                     = {9781848009363},
  Lccn                     = {2008934308}
}

@Article{Zhao2011,
  Title                    = {Diffusion and Interfacial Transport of Water in Nafion},
  Author                   = {Zhao, Qiao and Majsztrik, Paul and Benziger, Jay},
  Journal                  = {The Journal of Physical Chemistry B},
  Year                     = {2011},
  Number                   = {12},
  Pages                    = {2717-2727},
  Volume                   = {115},

  Doi                      = {10.1021/jp1112125},
  Url                      = {http://pubs.acs.org/doi/abs/10.1021/jp1112125}
}

@Article{Zhao2008,
  Title                    = {A new analytical approach to model and evaluate the
 performance of a class of irreversible fuel cells},
  Author                   = {Yingru Zhao and Congjie Ou and Jincan Chen},
  Journal                  = {International Journal of Hydrogen Energy},
  Year                     = {2008},
  Number                   = {15},
  Pages                    = {4161 - 4170},
  Volume                   = {33},

  Doi                      = {10.1016/j.ijhydene.2008.04.062},
  ISSN                     = {0360-3199}
}

@InCollection{ziegler.h:some,
  Title                    = {Some extremum principles in irreversible thermodynamics
 with application to continuum mechanics},
  Author                   = {Ziegler, Hans},
  Booktitle                = {Progress in {S}olid {M}echanics, {V}ol. {IV}},
  Publisher                = {North-Holland},
  Year                     = {1963},

  Address                  = {Amsterdam},
  Pages                    = {91--193},

  Mrclass                  = {73.00},
  Mrnumber                 = {0163470 (29 \#772)},
  Mrreviewer               = {P. P. Teodorescu}
}

@Article{ziegler.h.wehrli.c:derivation,
  Title                    = {The Derivation of Constitutive Relations from the Free
 Energy and the Dissipation Function},
  Author                   = {Ziegler, Hans and Wehrli, Christoph},
  Journal                  = {Adv. Appl. Mech.},
  Year                     = {1987},
  Pages                    = {183--238},
  Volume                   = {25},

  Doi                      = {10.1016/S0065-2156(08)70278-3},
  ISSN                     = {0065-2156}
}

@Article{ziegler.h.wehrli.c:on,
  Title                    = {On a principle of maximal rate of entropy production},
  Author                   = {Ziegler, H. and Wehrli, C.},
  Journal                  = {J. Non-Equilib. Thermodyn.},
  Year                     = {1987},
  Number                   = {3},
  Pages                    = {229--243},
  Volume                   = {12},

  Doi                      = {10.1515/jnet.1987.12.3.229}
}

@Book{Zwanzig,
  Title                    = {Nonequilibrium Statistical Mechanics},
  Author                   = {Zwanzig, R.},
  Publisher                = {Oxford University Press, USA},
  Year                     = {2001},

  ISBN                     = {9780198032151}
}

@Misc{DuPont-Nafion,
  Title                    = {Nafion\textsuperscript{\textregistered} Membranes, Extrusion-Cast},
  HowPublished             = {\url{http://www2.dupont.com/FuelCells/en_US/assets/downloads/dfc101.pdf}},
  Note                     = {Accessed: 2015-01-27}
}

@Article{Sciacovelli2009,
  Title                    = {Entropy generation analysis in a monolithic-type solid
 oxide fuel cell (SOFC)},
  Journal                  = {Energy},
  Year                     = {2009},
  Number                   = {7},
  Pages                    = {850 - 865},
  Volume                   = {34},

  Doi                      = {10.1016/j.energy.2009.03.007},
  ISSN                     = {0360-5442}
}

@article{Hutter-distortion,
title = "Fluctuating Viscoelasticity",
journal = "Journal of Non-Newtonian Fluid Mechanics",
year = "2018",
issn = "0377-0257",
doi = "https://doi.org/10.1016/j.jnnfm.2018.02.012",
url = "http://www.sciencedirect.com/science/article/pii/S0377025717305396",
author = "Markus Hütter and Martien A. Hulsen and Patrick D. Anderson",
keywords = "Fluctuations, Viscoelasticity, Conformation tensor, Multiplicative decomposition, Complex fluids"
}

@article{KRM,
author = {Miroslav Grmela and Michal Pavelka}, 
title = {Landau damping in the multiscale {V}lasov theory}, 
journal = {Kinetic and Related Models},
year ={2018}, 
volume = {11},
number = {3}, 
pages = {521-545}
}

@Article{Mielke-Potential,
author={Mielke, A. and Peletier, M. A. and Renger, D. R. M.},
title={On the Relation between Gradient Flows and the Large-Deviation Principle, with Applications to {M}arkov Chains and Diffusion},
journal={Potential Analysis},
year={2014},
volume={41},
number={4},
pages={1293--1327},
doi={10.1007/s11118-014-9418-5},
}

@article{Ruppeiner-Thermodynamics,
author = {G. Ruppeiner}, 
title = {Thermodynamics: {A R}iemanian Geometric Model}, 
journal = {Phys. Rev. A},
volume = {20},
pages = {1608},
year = {1979}
}

@book{Landau7,
title={Theory of Elasticity},
author={Landau, L.D. and Lifshitz, E.M. and Kosevich, A.M. and Pitaevskii, L.P.},
isbn={9780750626330},
series={Course of theoretical physics},
year={1986},
publisher={Butterworth-Heinemann}
}

@article{Frezzotti,
journal = {Bulletin of the JSME, Mechanical Engineering Reviews},
volume = {4}, 
number = {2}, 
year = {2017},
title = {Kinetic theory aspects of non-equilibrium liquid-vapor flows},
author = {Aldo Frezzotti and Paolo Barbante}
}

@book{HCOstoch,
author = {H.C.\"{O}ttinger}, 
title = {Stochastic Processes in Polymeric Fluids - Tools and Examples for eveloping Simulation Algorithms},  
publisher = {Springer, Berlin},
year = {1996}
}

@article{Rubi1,
author = {J.M. Rubi and  P. Mazur}, 
title = {Nonequilibrium thermodynamics of hydrodynamic fluctuations},
journal = {Phys. A}, 
volume = {276},
year = {2000},
pages = {477-488}
}

@article{Rubi2,
author = {D. Reguera and J.M. Rubi and  J.M.G. Vilar},  
title = {The mesoscopic dynamics of thermodynamic systems},
journal = {J. Phys. Chem. B},
volume = {109},
year = {2015},
pages = {21502-21515}
}

@article{Rubi3,
author = {J.M. Rubi},  
title  = {Mesoscopic thermodynamics},
journal = {Phys. Scr.},
volume = {T151},
year = {2012},
number = {014027}
}

@book{amsp,
author = {J.M. Ortiz de Z\'{a}rate and J.V. Sengers}, 
title = {Hydrodynamic Fluctuations in Fluids and Fluid Mixtures}, 
publisher = {Elsevier},
year = {2006}
}

@unpublished{HCOAppl,
author = {H.C. \"{O}ttinger}, 
title = {{GENERIC: R}eview of successful applications and a challenge for the future}, 
note = {Talk at 14th Joint European Thermodynamics Conference - May 21-25 Budapest}, 
year = {2017}
}

@article{Eckart,
author = {C. Eckart}, 
title = {The Thermodynamics of Irreversible Processes {I-III}},
journal = {Phys. Rev.},
volume = {58}, 
year = {1940},
pages = {267}
}

@article{Maugin,
author = {G.A. Maugin and W. Muschik}, 
title = {Thermodynamics with internal variables, {I,II}}, 
journal = {J. Non-Equilib. Thermodyn.},
volume = {19},
year = {1994},
pages = {217-289}
}

@book{Cos,
author = {E. Cosserat and T. Cosserat}, 
title = {Th\'{e}orie de Corps d\'{e}formables}, 
publisher = {Paris: A. Hermann et Fils},
year = {1909}
}

@article{RossMazur,
author = {J. Ross and P. Mazur}, 
title = {Some Deductions from a Formal Statistical Mechanical Theory of Chemical Kinetics}, 
journal = {J. Chem. Phys.},
volume = {35},
year = {1961},
pages ={19-28}
}

@book{RugJap,
author = {T. Ruggeri and M. Sugiyama}, 
title = {Rational Extended Thermodynamics Beyond the Monoatomic Gas},
publisher = {Springer, Heidelberg},
year = {2015}
}

@article{deGenn,
author = {P.G. De Gennes},  
title = {Reptation of a polymer chain in the presence of fixed obstacles},
journal = {J Chem Phys},
volume = {55},
year = {1971},
pages = {572-579}
}

@article{RubiKej,
author = {J. M. Rubi and S. Kjelstrup}, 
title = {Mesoscopic Nonequilibrium Thermodynamics Gives the Same Thermodynamic Basis to {B}utler-{V}olmer and {N}ernst Equations}, 
journal = {J. Phys. Chem. B},
volume = {107},
year = {2003},
pages = {13471-13477}
}

@article{Ottrept,
author = {H.C. \"{O}ttinger},  
title = {A thermodynamically admissible reptation model for fast flows of entangled polymers},
journal = {J Rheol}, 
volume = {43},
year = {1999},
pages = {1461-1493}
}

@article{EGrm,
author = {H. Eslami and M.Grmela}, 
title = {Mesoscopic formulation of reptation}, 
journal = {Rheol. Acta},
volume = {47},
year = {2008},
pages = {399-415}
}

@book{MR,
author = {I. M\"{u}ller and T. Ruggeri}, 
title = {Rational Extended Thermodynamics},
edition = {2nd},
publisher = {Springer, New York}, 
year = {1998}
}

@book{Van-Berezovski,
title={Internal Variables in Thermoelasticity},
author={Berezovski, A. and V{\'a}n, P.},
isbn={9783319569345},
series={Solid Mechanics and Its Applications},
year={2017},
publisher={Springer International Publishing}
}

@article{Romenski-viscous,
journal = {Continuum Mech. Thermodyn.},
year = {2016},
volume = {28},
pages = {85-104},
author = {Ilya Peshkov and  Evgeniy Romenski},
title = {A hyperbolic model for viscous {N}ewtonian flows}
}


@unpublished{Villani-Praha,
title = {Bolzano lecture: {O}f triangles, gases, prices and men. {P}rague 2017. \url{https://www.youtube.com/watch?v=AtOG61tL5hE\&feature=youtu.be#t=1h43m}},
date = {13.4.2017},
organization = {Charles University},
author = {Cedric Villani},
url = {https://www.youtube.com/watch?v=AtOG61tL5hE\&feature=youtu.be#t=1h43m}
}

@article{Jeans,
ISSN = {02643952},
URL = {http://www.jstor.org/stable/90845},
author = {J. H. Jeans},
journal = {Philosophical Transactions of the Royal Society of London. Series A, Containing Papers of a Mathematical or Physical Character},
pages = {1--53},
publisher = {The Royal Society},
title = {The Stability of a Spherical Nebula},
volume = {199},
year = {1902}
}

@article{Levin-physrep,
journal = {Physics Reports},
volume = {535},
year = {2014},
pages = {1--60},
title = {Nonequilibrium statistical mechanics of systems with long-range interactions},
author = {Yan Levin and Renato Pakter and Felipe B. Rizzato and Tarcísio N. Teles and Fernanda P.C. Benetti}
}

@article{Levin-jstatmech,
title = {Entropy production in systems with long range interactions},
author = {Renato Pakter and Yan Levin},
journal = {J. Stat. Mech.},
year = {2017},
volume = {044001},
pages = {1-13}
}

@article{GEMPIC, 
title={GEMPIC: geometric electromagnetic particle-in-cell methods}, 
volume={83}, 
DOI={10.1017/S002237781700040X}, 
number={4}, 
journal={Journal of Plasma Physics}, publisher={Cambridge University Press}, 
author={Kraus, Michael and Kormann, Katharina and Morrison, Philip J. and Sonnendr{\"u}cker, Eric}, year={2017}, pages={905830401}}

@article{Perin1,
author = {M. Perin and C. Chandre and P. J. Morrison and E. Tassi},
year = {2015},
journal = {J. Phys. A: Math. Theor.},
volume = {48},
number = {275501}
}

@article{Perin2,
title = {Higher-order Hamiltonian fluid reduction of Vlasov equation},
journal = {Annals of Physics},
volume = {348},
pages = {50 - 63},
year = {2014},
issn = {0003-4916},
doi = {https://doi.org/10.1016/j.aop.2014.05.011},
author = {M. Perin and C. Chandre and P.J. Morrison and E. Tassi}
}

@Article{Miroslav-Grad,
  Title                    = {Hamiltonian and Godunov structures of the Grad hierarchy},
  Author                   = {Miroslav Grmela and Liu Hong and David Jou and Georgy Lebon and Michal Pavelka},
  Journal                  = {Physical Review E},
  Year                     = {2017},
  Number                   = {033121},
  Volume                   = {95}
}

@book{PKG,
author = {Michal Pavelka and V{\' a}clav Klika and Miroslav Grmela},
title = {Multiscale Thermo-Dynamics},
publisher = {de Gruyter (Berlin)},
year = {2018}
}

@article{Materassi,
title = {Metriplectic torque for rotation control of a rigid body},
author = {Massimo Materassi and Philip J. Morrison},
journal = {Journal Cybernetics and Physics},
volume = {7}, 
pages = {78-86},
year = {2018}
}

@Article{Holm-stability,
  Title                    = {Nonlinear stability of fluid and plasma equilibria},
  Author                   = {Darryl D. Holm and Jerrold E. Marsden and Tudor Ratiu and Alan Weinstein},
  Journal                  = {Physics Reports},
  Year                     = {1985},
  Number                   = {1 \& 2},
  Pages                    = {1--116},
  Volume                   = {123}
}

@Article{ADER,
  Title                    = {High order ADER schemes for a unified first order hyperbolic formulation of continuum mechanics: {V}iscous heat-conducting fluids and elastic solids.},
  Author                   = {Dumbser, M. and Peshkov, I. and Romenski, E. and Zanotti, O.},
  Journal                  = {Journal of Computational Physics},
  Year                     = {2016},
  Pages                    = {824-862},
  Volume                   = {314}
}

@article{Arnold1969,
	author = {V. I. Arnold},
	title = {On an a priori estimate in the theory of hydrodynamic stability},
	journal = {English Transl.: Am. Math. Soc. Transl.},
	volume	 = {19},
	year = {1969},
	pages = {267-269}
}

@article{CMAT2018,
	author = {Ilya Peshkov and Michal Pavelka and Evgeniy Romenski and Miroslav Grmela}, 
	title = {Continuum Mechanics and Thermodynamics in the Hamilton and the Godunov-type Formulations}, 
	journal  = {Accepted to Continuum Mechaanics and Thermodynamics},
       year = {2018}
}

@article{Krechetnikov-Marsden,
title = {Dissipation-induced instabilities in finite dimensions},
author = {R. Krechetnikov and J. E. Marsden},
  journal = {Rev. Mod. Phys.},
  volume = {79},
  issue = {2},
  pages = {519--553},
  year = {2007},
  month = {Apr},
  publisher = {American Physical Society},
  doi = {10.1103/RevModPhys.79.519},
  url = {https://link.aps.org/doi/10.1103/RevModPhys.79.519}
}

@article{PKG-Landau,
author = {Michal Pavelka and V{\' a}clav Klika and Miroslav Grmela}, 
title = {Thermodynamic explanation of {L}andau damping by reduction to hydrodynamics}, 
journal = {Entropy},
year = {2018}, 
volume = {20}, 
pages = {457}
}

@article{GK-Ehrenfest,
journal = {Physical Review E}, 
volume = {63}, 
number = {066124},
title = {Ehrenfest’s argument extended to a formalism of nonequilibrium thermodynamics},
author = {Alexander N. Gorban and Iliya V. Karlin and Hans Christian \"{O}ttinger and Larisa L. Tatarinova},
year = {2001}
}

@article{GK-Ehrenfest2,
title = {Irreversibility in  the short memory approximation},
journal = {Physica A:  Statistical Mechanics and its Applications},
year = {2003},
volume ={327}, 
number = {3-4},
pages = {399-424},
author = {Iliya V. Karlin and Larisa L. Tatarinova and Alexander N. Gorban and Hans Christian \"{O}ttinger}
}

@article{Bloch1990,
	author = {Bloch, A.},
       year = {1990},
      title = { Steepest descent, linear programming and {H}amiltonian flows},
     journal = { Cont. Math. AMS},
    volume = {114}, 
    pages  ={77--88}
}

@article{Holm-Tronci2010,
journal = {Proc. R. Soc. A},
year = {2010},
volume = {466}, 
pages = {2991-3012},
title = {Double-bracket dissipation in kinetic theory for particles with anisotropic interactions},
author = {D. D. Holm and V. Putkaradze and C. Tronci}
}

@article{Brockett1988,
Author = {Brockett, RW},
title = {Dynamic-systems that sort lists, diagonalize matrices, and solve linear-programming problems},
Journal = {Linear algebra and its applications},
Year = {1991},
Volume = {146},
Pages = {79-91},
DOI = {10.1016/0024-3795(91)90021-N},
ISSN = {0024-3795}
}

@article{Bloch-Krishnaprasad-Marsden1996,
	journal = {Commun. Math. Phys.},
       volume ={175}, 
       pages = {1-42},
      year = {1996},
title = {The {E}uler-{P}oincare Equations and Double Bracket Dissipation},
author = {Anthony Bloch and P.S. Krishnaprasad and Jerrold E. Marsden and Tudor S. Ratiu}
}

@book{Leimkuehler,
  title={Simulating Hamiltonian Dynamics},
  author={Leimkuhler, B. and Reich, S. and Cambridge University Press},
  isbn={9780521772907},
  lccn={2004045685},
  series={Cambridge Monographs on Applie},
  url={https://books.google.cz/books?id=tpb-tnsZi5YC},
  year={2004},
  publisher={Cambridge University Press}
}

@book{Hairer,
  title={Geometric Numerical Integration: Structure-Preserving Algorithms for Ordinary Differential Equations},
  author={Hairer, E. and Lubich, C. and Wanner, G.},
  isbn={9783662050187},
  lccn={2002023334},
  series={Springer Series in Computational Mathematics},
  url={https://books.google.cz/books?id=cPTxCAAAQBAJ},
  year={2013},
  publisher={Springer Berlin Heidelberg}
}

@article{HCO-integrator,
	author = {\"{O}ttinger, H.},
       year = {2018}, 
       title = {{GENERIC} Integrators: {S}tructure Preserving Time Integration for Thermodynamic Systems}, 
       journal = {Journal of Non-Equilibrium Thermodynamics}, 
       volume = {43},
       number = {2}, 
       pages = {89-100}
}

@article{Morrison-plasma,
	title = {Structure and structure-preserving algorithms for plasma physics},
author = {P. J. Morrison},
journal = {Physics of Plasmas},
volume = {24}, 
number = {055502},
year = {2017}
}

@article{Candy1991,
title = "A symplectic integration algorithm for separable Hamiltonian functions",
journal = "Journal of Computational Physics",
volume = "92",
number = "1",
pages = "230 - 256",
year = "1991",
issn = "0021-9991",
doi = "https://doi.org/10.1016/0021-9991(91)90299-Z",
url = "http://www.sciencedirect.com/science/article/pii/002199919190299Z",
author = "J Candy and W Rozmus"
}

@article{Gagarina2016,
title = "On variational and symplectic time integrators for Hamiltonian systems",
journal = "Journal of Computational Physics",
volume = "306",
pages = "370 - 389",
year = "2016",
issn = "0021-9991",
doi = "https://doi.org/10.1016/j.jcp.2015.11.049",
url = "http://www.sciencedirect.com/science/article/pii/S0021999115007895",
author = "E. Gagarina and V.R. Ambati and S. Nurijanyan and J.J.W. van der Vegt and O. Bokhove",
keywords = "Nonlinear water waves, Finite element Galerkin method, (Non-)autonomous variational formulation, Symplectic time integration"
}

@article{Oers2017,
title = "Hamiltonian discontinuous Galerkin FEM for linear, stratified (in)compressible Euler equations: internal gravity waves",
journal = "Journal of Computational Physics",
volume = "330",
pages = "770 - 793",
year = "2017",
issn = "0021-9991",
doi = "https://doi.org/10.1016/j.jcp.2016.10.032",
url = "http://www.sciencedirect.com/science/article/pii/S0021999116305307",
author = "Alexander M. van Oers and Leo R.M. Maas and Onno Bokhove",
keywords = "Linear stratified Euler equations, Hamiltonian structure, Discontinuous Galerkin method, Internal gravity waves, Wave attractors"
}

@article{Tang2017,
title = "Discontinuous Galerkin methods for Hamiltonian {ODE}s and {PDE}s",
journal = "Journal of Computational Physics",
volume = "330",
pages = "340 - 364",
year = "2017",
issn = "0021-9991",
doi = "https://doi.org/10.1016/j.jcp.2016.11.023",
url = "http://www.sciencedirect.com/science/article/pii/S002199911630609X",
author = "Wensheng Tang and Yajuan Sun and Wenjun Cai",
keywords = "Discontinuous Galerkin method, Hamiltonian systems, Continuous-stage PRK method, Symplectic PRK scheme, Multi-symplectic PRK scheme, Conservation laws"
}

@article{Gawlik,
title = {Geometric, Variational Discretization of Continuum Theories},
author = {Evan S. Gawlik and Patrick Mullen and Dmitry Pavlov and Jerrold E. Marsden and Mathieu Desbrun},
journal	= {ArXiv e-prints},
archiveprefix	= {arXiv},
eprint	= {1010.4851},
primaryclass	= {math-ph},
year = {2010}
}

@article{Simo1991,
	journal = {International journal for numerical methods in engineering},
 volume = {31}, 
 pages = {19-52},
year = {1991},
title = {Unconditionally stable algorithms for rigid body dynamics that exactly preserve energy and momentum},
author = {J.Simo and K. Wong}
}

@article{Morrison,
	title ={A paradigm for joined Hamiltonian and dissipative systems},
	author = {Philip J. Morrison},
	pages = {410-419},
	journal = {Physica D: Nonlinear Phenomena},
	volume = {18},
        number = {1-3},
year = {1986}
}

@article{Bloch-dissipation,
	author = {Bloch, A. M. and Krishnaprasad, P. S. and Marsden, Jerrold E. and Ratiu, T. S.},
     title = {Dissipation Induced Instabilities},
     journal = {Annales de l'I.H.P. Analyse non lin\'eaire},
     publisher = {Gauthier-Villars},
     volume = {11},
     number = {1},
     year = {1994},
     pages = {37-90}
}

@article{Efroimsky,
title = {Precession of a freely rotating rigid body. Inelastic relaxation in the vicinity of poles},
journal = {Journal of Mathematical Physics},
volume = {41}, 
number = {1854},
year = {2000},
author = {Michael Efroimsky}
}

@incollection{Markus2009,
title = {Coarse Graining in Elasto-viscoplasticity: Bridging the Gap from Microscopic Fluctuations to Dissipation},
editor = {Hassan Aref and Erik van der Giessen},
series = {Advances in Applied Mechanics},
publisher = {Elsevier},
volume = {42},
pages = {253 - 317},
year = {2009},
issn = {0065-2156},
doi = {https://doi.org/10.1016/S0065-2156(08)00003-3},
author = {Markus H{\" u}tter and Theo A. Tervoort}
}

@article{Tsarev,
title = {The geometry of {H}amiltonian systems of hydrodynamic type. {T}he generalized hodograph method.},
author = {S.P. Tsar{\" e}v},
year = {1991},
journal = {Math. USSR Izv.},
volume = {37},
pages = {397},
number = {2}
}

@article{Novikov,
author = {B. A. Dubrovin and S. P. Novikov}, 
title = {Hamiltonian formalism of one-dimensional systems of hydrodynamic type, and the {B}ogolyubov- {W}hitham averaging method}, 
journal = {Dokl. Akad. Nauk SSSR},
volume = {270},
year = {1983}, 
pages = {781-785},
note = {English transl. in Soviet Math. Dokl. 27 (1983)}
}


@article{Ilya-torsion,
journal = {CMAT},
title = {Continuum mechanics with torsion},
author = {Ilya Peshkov and Evgeniy Romenski and Michael Dumbser},
year = {2019}
}